3375 5059
401 666 449 732 qo
577 619 1202 726 Lrs'AsrnouourQutrr

399 814 589 915 Temporis
607 816 774 911 articulo,
795 815 857 891 sub
878 842 951 931 quo
972 817 1128 892 censetur
1148 818 1184 891 &
1202 814 1304 914 ipse,

385 963 508 1060 'Quod
530 965 610 1038 facit
633 962 783 1062 aequales
806 962 902 1038 luces
924 964 1136 1071 bnunalibus
1156 963 1313 1049 umbria,
1341 1016 1347 1023 .
1391 926 1393 934 Ι

281 1111 376 1224 v325
400 1110 667 1213 cognatamque
687 1113 775 1217 gerit
790 1082 927 1188 diverso
952 1115 988 1184 in
1009 1113 1150 1187 cardine
1168 1110 1296 1213 legem.

398 1257 556 1337 ¹'Alterius
574 1258 677 1358 partis
697 1236 874 1355 perfundit
893 1260 1049 1357 aquarius
1072 1260 1192 1361 ignes,

397 1408 518 1507 ¹Quem
534 1379 683 1487 'subeunt
701 1365 811 1506 pisces
829 1428 987 1482 extremo
1008 1404 1117 1480 fidere
1142 1404 1271 1478 cancri.

396 1550 452 1627 'At
469 1549 529 1625 leo
553 1549 722 1627 consortis
737 1554 894 1627 meminit
918 1552 981 1629 sub
1004 1551 1084 1655 lege
1104 1552 1255 1654 trigoni,

296 1707 298 1712 ’
398 1698 680 1799 Lanigerumque
697 1701 825 1776 ducem
840 1703 987 1802 recipit,
1005 1680 1213 1797 taurumque
1226 1698 1395 1804 quadrato

297 1860 373 1939 330
398 1818 630 1948 Conjunlium
650 1847 729 1921 srbi:
750 1848 812 1923 sub
825 1851 971 1949 geminis
988 1873 1067 1947 pars
1084 1849 1184 1925 tertia
1200 1848 1328 1927 fertur:

396 2000 477 2073 Hos
501 2013 657 2097 quoque‘
665 1998 843 2098 conjungit
861 2023 925 2095 per
948 1964 1048 2070 lenos
1066 1999 1158 2072 linea
1180 1968 1304 2071 fletus.

395 2148 615 2247 Praecipuum
633 2149 785 2251 Erigone
807 2170 935 2222 cancro
956 2146 1119 2241 concedit
1137 2147 1336 2230 honorem,

397 2294 466 2367 Cui
485 2296 633 2393 primam
655 2296 773 2367 tribuit
790 2319 951 2393 partem:
978 2294 1089 2371 vicina
1106 2291 1219 2367 relicta
1238 2292 1312 2383 est,

234 2434 242 2446 ⁶
306 2456 308 2460 ’
396 2442 547 2530 Vicino,
568 2442 764 2549 Nemeaee,
784 2442 873 2516 tibi:
889 2466 966 2539 pars
986 2442 1087 2539 ipsrus
1103 2442 1174 2512 ima
1194 2440 1267 2528 est,

298 2586 375 2672 335
399 2555 490 2685 Quae
514 2589 661 2665 fastidito
682 2559 842 2665 concell'a
862 2591 909 2664 est
929 2596 1006 2691 jure
1026 2589 1143 2688 potiri.

397 2737 472 2811 Sed
490 2735 576 2811 libra
602 2736 766 2836 exemplo
785 2738 938 2841 gaudet,
958 2738 1156 2834 pariterque
1179 2760 1359 2839 regentem

396 2886 528 2959 Noctes
547 2905 651 2983 atque
668 2887 742 2962 dies
762 2854 901 2964 diverso
921 2888 958 2961 in
978 2909 1140 2984 tempore
1166 2885 1285 2959 secum

398 3028 608 3129 Lanigerum
630 3033 789 3129 sequitur.
805 3036 908 3111 Veris
929 3041 1012 3135 juga
1035 3055 1209 3131 temperat
1230 3031 1311 3117 ille;

397 3179 488 3253 Haec
510 3175 722 3251 autumnales
743 3182 928 3276 componit
947 3177 1081 3254 lucibus
1101 3182 1217 3272 horas,

299 3332 375 3438 310
397 3324 498 3414 Nulli
516 3324 680 3399 concedit
703 3326 873 3423 primam,
893 3328 1065 3425 traditque
1087 3326 1243 3423 sequenti

395 3474 557 3553 llicinam
577 3494 734 3570 partem3
755 3474 907 3545 centauri
928 3473 1026 3546 tertia
1040 3471 1173 3546 summa
1194 3474 1251 3547 est.

396 3624 564 3720 Scorpios
584 3621 620 3693 in
642 3607 752 3718 prima
772 3607 1014 3717 capricornum
1033 3613 1133 3720 parte
1155 3619 1305 3708 locavit3
1339 3613 1348 3628 ⁶

393 3766 549 3844 ‘Alterius
570 3768 751 3842 dominum
766 3768 870 3873 fecit,
891 3772 949 3842 cui
970 3797 1102 3848 nomen
1124 3772 1170 3843 ab
1192 3769 1320 3863 undis3

392 3895 576 3995 ¹Extremas
600 3915 713 3996 voluit
727 3941 842 4021 partes
863 3916 926 4018 sub
944 3916 1093 4022 piscibus
1116 3913 1209 4010 elle,
