3375 5059
406 661 410 666 .
457 623 507 702 ,t
658 611 752 682 Lns
781 609 1264 695 Asnnononmnn

456 791 699 891 Fugeruntque
720 805 829 859 novas
852 743 1005 855 ardentia
1026 780 1134 856 fiderit
1156 783 1330 892 flammas,

361 937 432 1032 830
456 939 577 1036 Atque
599 961 671 1010 uno
693 936 806 1009 timuit
833 935 941 1008 condi
968 955 1089 1007 natura
1111 923 1312 1035 sepulchro.

366 1170 368 1174 ⁸
455 1086 500 1161 In
519 1104 651 1159 tantum
669 1039 778 1182 iongo
800 1102 975 1152 mutantur
999 1102 1161 1178 tempore
1183 1083 1325 1169 cunita,

445 1191 577 1331 ¹Atque
590 1233 714 1305 iterum
726 1230 762 1301 in
777 1225 885 1302 semet
900 1228 1068 1302 redeunt!
1084 1229 1143 1302 Sic
1157 1250 1318 1329 tempore
1334 1251 1434 1307 certo

453 1359 558 1481 Signa
579 1402 721 1478 quoque
742 1378 902 1466 amittunt
926 1377 1014 1452 vites
1023 1430 1037 1470 ‚
1059 1372 1265 1475 fumumque
1280 1394 1450 1478 receptas.¹

455 1527 565 1602 Causa
583 1546 701 1625 patet,
722 1523 843 1621 quid,
861 1520 943 1594 luna
965 1525 1089 1622 quibus
1109 1525 1239 1600 defecit
1258 1527 1294 1600 in
1318 1527 1407 1603 astris
1417 1580 1436 1626 2

359 1673 429 1767 835
455 1674 555 1751 Orba
571 1672 620 1747 [ui
637 1673 764 1758 fratris,
783 1670 957 1770 noctisque
978 1672 1137 1749 immersa
1153 1676 1327 1767 tenebris,

454 1826 546 1900 cnm
565 1824 700 1898 medius
720 1824 848 1897 Phoebi
871 1823 988 1898 radios
1008 1824 1180 1923 intercipit
1201 1826 1319 1914 orbis,

452 1965 535 2047 Nec
552 1972 655 2046 trahit
663 1972 709 2044 ·in
728 1968 764 2045 se
783 1992 880 2058 tum,
899 1995 970 2069 quo
990 1969 1125 2070 fulget,
1147 1969 1250 2045 Delia
1268 1972 1409 2067 lumen;

456 2125 547 2198 Haec
564 2146 706 2222 quoqne
726 2119 816 2223 ligna
834 2120 897 2195 suo
917 2122 1043 2219 pariter
1060 2146 1142 2194 cum
1160 2121 1268 2196 fidere
1285 2122 1452 2223 languent

455 2269 637 2343 Incurvata
657 2267 775 2356 fimul,
793 2268 1144 2368 solitoque'exempta
1160 2272 1301 2372 vigore,

361 2410 433 2506 840
457 2416 502 2488 Et
523 2413 619 2490 velut
638 2397 763 2487 elatam
781 2415 942 2487 Phoeben
961 2418 998 2487 in
1024 2417 1144 2490 funere
1164 2417 1294 2519 lugent.

455 2562 535 2661 Ipse
557 2551 664 2638 docet
686 2558 801 2636 titulus
823 2560 961 2637 causas:
982 2560 1141 2660 ecliptica
1164 2563 1254 2663 signa

456 2712 588 2787 Dixere
611 2712 750 2808 antiqui.
771 2711 901 2785 Pariter
925 2710 987 2785 sed
1007 2711 1089 2784 bina
1109 2710 1293 2806 laboran13

459 2860 541 2936 Nec
562 2859 673 2937 vicina
694 2855 797 2947 loco,
822 2855 883 2934 sed
897 2883 977 2957 quae
998 2859 1168 2933 contraria
1191 2858 1348 2962 fulgent:

457 3009 552 3084 Sicut
569 3006 652 3082 luna
675 3007 736 3082 suo
754 3031 839 3083 tunc
859 3010 991 3083 tantitm
1013 3008 1130 3084 deficit
1154 3009 1260 3099 orbe,

363 3150 434 3245 845
460 3157 551 3230 Cim
571 3156 744 3230 Phoebum
763 3156 910 3233 adverfis
929 3180 1123 3231 currentem
1144 3182 1217 3232 non
1234 3156 1329 3234 videt
1345 3157 1449 3238 astrist

456 3306 536 3383 Nec
555 3326 674 3380 tamen
689 3302 812 3402 aequali
832 3291 1054 3407 languescunt
1075 3329 1236 3406 tempore
1258 3311 1396 3386 cuneta:

370 3659 373 3666 ¹
457 3576 587 3642 incendio
601 3572 669 3640 nin
684 3530 899 3638 minnistin
916 3577 946 3654 1,
960 3575 1448 3660 v.722,723.setn101,5uxn

457 3679 574 3764 aliorfftn
599 3691 759 3773 opinionem
775 3686 939 3771 loqitebatut
954 3688 1059 3769 Po'e'ta,
1079 3690 1125 3752 htc
1142 3690 1221 3774 juxte
1237 3690 1327 3756 suam.

496 3805 536 3867 V.
555 3813 623 3885 832.
643 3809 677 3870 B.
693 3809 810 3889 foedere
828 3829 880 3888 pro
898 3831 1035 3892 tempore.

466 3950 472 3960 ·
494 3919 532 3984 V.
552 3926 567 3982 8
572 3943 620 4006 32.
637 3922 703 3987 Vet.
719 3924 826 4009 scripti,
847 3947 983 4010 exempta
988 3949 999 4005 3
1018 3921 1101 4003 editi,
1114 3943 1239 4006 excepta
1249 3944 1262 4004 3
1273 3922 1306 3986 B.
1322 3941 1431 3992 exutas
