3375 5059
446 665 507 725 262
625 647 1185 753 tssrnruontnns
1296 672 1300 680 ¹

344 852 417 931 440
440 828 534 899 Tum
560 822 679 900 validis
702 824 809 923 fugito
834 823 988 895 devitans
1009 822 1136 917 viribus
1155 823 1333 898 aussrumr

287 941 294 954 ο
411 985 415 990 ’
437 979 556 1069 Quem
577 972 600 1046 li
620 972 831 1070 prospiciens
850 974 1039 1065 vitaveris,
1053 974 1170 1050 omnia
1191 974 1291 1047 caure

437 1120 666 1195 Armamenta
689 1118 828 1210 locans,
857 1119 932 1193 turb
954 1117 1074 1194 labere
1097 1146 1160 1219 per
1183 1094 1305 1194 undas.¹
1401 1172 1403 1177 -

307 1238 340 1374 ’ζ’
439 1270 500 1344 Sin
520 1269 631 1371 gravis
653 1267 811 1340 inciderit
829 1266 1029 1341 vehementi
1053 1268 1190 1340 flamine
1209 1233 1356 1354 ventus,

437 1418 627 1517 Perfringet
657 1415 767 1490 celsos
790 1413 909 1489 defixo
931 1414 1062 1490 robore
1087 1413 1218 1504 malos,

343 1586 416 1669 445
440 1566 564 1638 Utres
588 1562 680 1636 nulla
701 1563 788 1638 setas
814 1564 915 1662 possit
941 1560 1094 1637 mulcere
1115 1559 1311 1660 procellas,

439 1714 490 1788 Ni
512 1734 609 1809 parte
630 1738 674 1788 ex
691 1711 859 1810 aquilonis
886 1724 1036 1811 opacam
1058 1711 1190 1811 pellere
1213 1713 1346 1787 nubem

404 1954 407 1962 Ι
437 1862 620 1960 Coeperit,
644 1860 811 1933 &subitis
830 1851 1109 1935 auris'diduxerit
1132 1885 1198 1934 ara.

406 2108 411 2112 ι
487 2009 547 2082 Sin
568 2010 734 2081 humeros
752 2008 870 2080 medio
889 2008 925 2079 in
949 2004 1043 2079 coelo
1067 2028 1248 2081 centaurus
1265 2005 1427 2098 habebit,

439 2157 588 2257 Ipseque
609 2155 757 2233 caeruleai
779 2125 953 2231 conterius
974 2155 1066 2229 nube
1087 2154 1237 2248 seretur,

342 2323 417 2406 450
442 2307 564 2403 Atque
587 2330 679 2379 aram
704 2306 799 2378 tenui
821 2304 934 2405 caligo
957 2285 1080 2378 vestiet
1097 2305 1245 2394 umbri,

351 2556 355 2561 .
439 2454 502 2529 Ad
526 2435 696 2554 figno'rum
715 2451 850 2524 obitum
875 2453 926 2526 vis
952 2453 999 2524 est
1023 2454 1208 2542 metuenda
1228 2453 1359 2530 favoni.

440 2598 505 2674 Ille
527 2622 641 2674 autem
665 2620 844 2674 centaurus
863 2599 900 2670 in
923 2593 990 2670 alta
1010 2596 1092 2669 sede
1115 2594 1268 2689 locatus,
1314 2664 1318 2670 .
1389 2589 1395 2604 ’

443 2749 523 2846 Qui
544 2748 615 2823 sese
639 2744 770 2821 clarum
791 2743 967 2820 collucens
989 2746 1142 2845 scorpius
1166 2749 1292 2837 infert,

442 2897 523 2972 Hic
545 2895 659 2971 subter
682 2918 815 2995 partem
839 2918 1054 2995 praeportans
1073 2872 1152 2993 ipse
1172 2895 1305 2972 virilem

346 3058 418 3141 455
445 3043 572 3132 Cedit,
592 3045 672 3140 equi
697 3064 809 3140 partes
833 3068 1024 3140 properans
1049 3049 1259 3143 conjungere
1282 3047 1403 3124 chelis.

443 3191 514 3263 Hic
529 3186 683 3261 dextram
696 3214 866 3289 porgens,
881 3192 1075 3290 quadrupes
1089 3192 1156 3288 qud
1175 3192 1261 3264 vasta
1276 3215 1428 3291 tenerur,

314 3391 320 3426 ,
445 3341 563 3433 Quam
581 3360 686 3409 nemo
709 3359 806 3410 certo
835 3339 978 3411 donavit
998 3339 1139 3411 nomine
1165 3340 1336 3431 Grairim,

446 3489 634 3565 Tendit&
658 3485 817 3562 illustrem
838 3471 1046 3560 truculentus
1070 3486 1164 3563 cedit
1186 3488 1358 3566 adaram.

485 3731 527 3789 V.
544 3752 616 3804 450.
628 3726 757 3803 Omnes,
768 3730 911 3814 caligans
926 3732 1036 3813 vestiet.
1049 3727 1184 3802 Grotius,
1200 3733 1303 3818 caligo
1314 3735 1429 3818 vestiar.

485 3839 527 3905 V.
545 3862 614 3915 454.
636 3844 677 3901 Ita
692 3842 843 3904 Patricius:
859 3842 968 3921 ceteri,
984 3843 1065 3905 'Haec
1079 3844 1194 3925 fitbttr.
1257 3899 1260 3907 .

486 3938 538 4019 Vs
549 3960 619 4064 qsi.
640 3953 752 4037 Omnes
769 3957 876 4021 habent
892 3960 989 4025 cedit:
1008 3955 1140 4035 mallem,
1163 3958 1260 4024 credit.
1278 3958 1432 4025 Centaurus
