3375 5059
394 610 461 671 3²0.
556 588 661 653 Note
685 602 825 649 cntnrcn
851 605 884 649 ru
906 580 1044 651 Mrnrun
1068 603 1217 653 taxauit.
1238 624 1252 638 κ

390 735 473 795 mine
494 724 524 793 se
539 727 615 792 vere
630 723 759 815 dignum
772 726 957 810 praestiterat.
975 732 1081 793 Stoeb.
1098 729 1176 818 legit
1191 746 1390 814 componere,

392 835 553 925 sensusque
578 835 620 900 est
643 838 731 918 juxta
756 836 854 922 ipsum
867 861 877 909 3
902 841 975 899 'Cr'tm
1000 857 1091 904 tante
1119 837 1193 904 effes
1220 844 1392 925 potentie,

394 966 430 1011 ut
449 945 622 1035 quemlibet
652 949 749 1009 ulium
773 969 943 1032 magnum,
968 964 1026 1013 tue
1051 951 1197 1033 potentie
1223 949 1364 1016 emulum
1375 995 1392 1030 ,

390 1057 492 1138 poffes
515 1075 720 1139 componere,¹
737 1053 770 1116 id
794 1052 859 1127 est,
886 1052 1022 1139 sepelire.
1048 1058 1230 1121 Pronuntiat
1255 1058 1391 1148 denique

392 1165 478 1229 Burt
501 1161 586 1253 illum
610 1161 705 1226 alium
730 1157 789 1226 ess'e
815 1160 1015 1229 Ptolemoeum
1039 1166 1168 1254 AEgypti
1192 1187 1316 1255 regem,
1332 1165 1388 1256 qui

393 1271 469 1339 vere
489 1293 619 1360 magnus
643 1269 661 1335 l
684 1272 835 1356 Pompeio
863 1268 964 1337 fuiffet
991 1276 1138 1363 agnitus,
1164 1296 1330 1364 «magnus
1352 1276 1388 1342 in

393 1374 621 1455 inclementia,
639 1378 738 1467 inquit
766 1380 852 1443 Burt.
871 1378 893 1443 si
916 1382 1057 1467 Pompeii
1073 1381 1247 1473 infortunia·
1261 1382 1388 1450 misera·

391 1516 416 1549 a
432 1508 479 1553 tus
493 1485 589 1564 esset,
609 1492 642 1552 δι
656 1488 820 1572 Pompeius
834 1486 915 1552 illius
930 1486 1026 1575 operas
1040 1488 1169 1557 vixisset.
1185 1491 1281 1569 Quod
1297 1491 1387 1557 aliter

391 1626 415 1659 ω
428 1594 652 1685 proposuerunt
671 1597 746 1672 alii,
769 1596 886 1684 ignave
911 1619 1147 1684 conceperunt,
1166 1603 1197 1665 &
1219 1599 1283 1666 suas
1301 1600 1387 1689 quis-

389 1734 413 1766 ω
428 1703 561 1795 quilius,
584 1726 648 1769 non
677 1704 810 1769 austotis
831 1701 949 1771 sensum
970 1705 1119 1771 exhibent
1138 1737 1169 1771 a.
1195 1710 1225 1771 0
1250 1707 1385 1775 hominis

391 1814 635 1881 confidentiam!
657 1815 727 1878 Nos
743 1813 880 1881 Bentleii
898 1836 931 1881 ut
950 1815 1141 1895 lectionem,
1164 1818 1208 1882 ita
1231 1820 1264 1882 &
1285 1816 1383 1884 inter·

390 1923 597 2011 pretationem
620 1919 716 1987 secuti
741 1921 850 1987 sumus.
892 1927 895 1932 ’

432 2068 472 2130 V.
494 2088 569 2131 221.
587 2069 632 2129 Et
645 2070 749 2127 multo
763 2064 945 2158 gaudentem
958 2065 1115 2151 fiznguine
1134 2069 1239 2130 civem.
1256 2069 1322 2133 Cur
1340 2066 1392 2140 cii¹

388 2177 463 2241 ir'em
485 2172 588 2261 potiris
609 2172 699 2261 qulrn
722 2195 828 2261 regem
857 2191 911 2238 aut
936 2186 1125 2260 tyrannum?
1150 2174 1323 2263 interrogat
1345 2178 1385 2242 B:

388 2284 504 2372 Utique
518 2282 591 2369 quia
611 2282 647 2344 in·
661 2278 835 2365 Republica
852 2281 994 2345 Romana
1008 2281 1195 2367 princeps&
1209 2300 1373 2368 tyrannus,

388 2394 505 2455 Marius
518 2436 529 2464 ,
544 2387 649 2474 Sylla,
662 2388 827 2472 Pompeius
840 2434 851 2463 ‚
865 2387 988 2465 Caesat,
1010 2389 1187 2481 Antonius,
1204 2389 1267 2476 ipse
1285 2392 1379 2457 etiam

384 2495 539 2587 ‘Augustus
556 2495 642 2558 cives
663 2502 772 2567 erant,
793 2493 938 2583 civesque
954 2498 983 2561 se
1001 2495 1060 2576 elle
1080 2498 1302 2587 gloriabantur.
1315 2501 1378 2566 Ve-

385 2604 453 2674 nlm
469 2603 491 2668 fi
507 2604 610 2669 civem
623 2600 716 2669 efficit
734 2598 892 2687 scorpios,
911 2601 998 2667 addit
1014 2606 1052 2668 B.
1067 2602 1158 2690 ipsius
1173 2604 1284 2694 scorpii
1299 2610 1378 2675 civis

386 2718 453 2784 erit.
465 2715 538 2778 Vim
553 2701 736 2795 objefflonis
748 2732 813 2775 non
828 2708 910 2777 bene
926 2712 1075 2799 percipio.
1098 2717 1172 2793 Quo
1193 2714 1280 2782 sensu
1293 2718 1376 2805 apud

384 2824 565 2892 Bentleium
585 2819 722 2907 scorpios
744 2818 884 2906 Syllam,
909 2821 1020 2887 eodem
1037 2822 1120 2908 apud
1143 2824 1308 2890 Manilium
1329 2828 1374 2892 ci·

385 2955 461 3001 vem
482 2916 581 2996 multo
598 2929 746 3018 sanguine
764 2930 953 3018 gaudentem
976 2930 1078 2996 efficit.
1099 2934 1187 2994 Civis
1207 2931 1243 2996 fit
1259 2954 1374 3001 nomen

386 3039 568 3115 relativum,
586 3036 666 3103 estot
684 3035 737 3102 sed
750 3038 773 3100 ii
786 3059 917 3126 quotum
931 3039 1087 3104 nativitati
1105 3040 1207 3125 praest
1221 3039 1372 3130 scorpius,

385 3148 536 3213 concives
557 3144 625 3211 sunt
642 3164 748 3210 eorum
771 3167 902 3234 quotum
922 3145 1060 3234 gaudent
1075 3145 1238 3213 effundere·
1253 3148 1371 3241 sangui-

380 3277 457 3323 nem
473 3279 481 3319 t
497 3253 536 3319 de
550 3252 693 3319 civilibus
706 3255 789 3318 enim
801 3253 891 3319 bellis
904 3251 965 3319 hoc
981 3278 1104 3354 comma
1119 3255 1217 3342 potest
1230 3258 1370 3350 intelligi.

381 3368 529 3435 Praeterea
551 3360 701 3448 sapilsrmb
723 3359 855 3429 relativa
874 3366 1000 3427 nomina
1020 3363 1132 3452 absque
1154 3364 1219 3430 ulla
1239 3367 1370 3434 correla-

380 3494 484 3542 torum
498 3466 775 3556 suorum0exprelsa
791 3461 948 3535 mentione
966 3468 1163 3541 adhibentur.
1181 3476 1249 3551 Sic,
1273 3497 1314 3543 ne
1330 3476 1369 3542 ab

377 3582 451 3671 ripso
463 3584 544 3643 civis
558 3580 684 3645 nomine
698 3576 761 3643 alib
773 3599 986 3655 excurramus,
1001 3580 1110 3644 Horae
1125 3582 1185 3669 Ep.
1196 3584 1228 3662 1,
1240 3606 1253 3647 1
1259 3604 1279 3671 5
1286 3605 1306 3663 ,²
1312 3607 1368 3663 29.

511 3702 653 3769 Impranlus
669 3717 722 3753 uon
736 3702 779 3769 qui
794 3700 869 3753 civem
887 3699 1041 3769 dignosceret
1058 3703 1135 3757 hoste.

377 3818 382 3830 ’
429 3804 573 3890 EtEpisl
589 3806 619 3881 l,
650 3827 689 3881 r,
713 3824 769 3890 53.

510 3924 633 4000 otim!
650 3924 875 4000 ‘inmutanda
888 3930 991 4000 pecunia
1005 3930 1112 4003 primurn
1124 3932 1168 3989 cll·
1227 4017 1260 4085 v
1355 3965 1357 3971 ·

1258 4065 1269 4086 0
1292 4037 1366 4102 ²3⁰⁴
