3375 5059
411 658 454 724 34
598 630 690 701 Lus
724 616 1216 714 As‘rnouonrouns

455 804 589 881 Ultima
609 827 698 901 quos
720 802 850 904 gemini
871 801 1069 900 producunt
1092 801 1201 874 sidera
1222 797 1350 899 pisces,

403 956 468 1028 His
492 954 556 1028 erit
578 950 614 1022 in
632 969 780 1049 pontum
803 947 976 1033 studium,
997 948 1174 1046 vitamque
1195 943 1374 1047 profundo
1402 977 1404 983 ·

288 1095 291 1100 ’
403 1100 558 1175 Credent
569 1149 581 1187 ,
599 1099 635 1170 8(
656 1119 792 1194 puppes
806 1146 817 1182 ,
830 1118 888 1169 aut
910 1096 1086 1194 puppibus
1098 1122 1192 1169 arma
1211 1095 1398 1195 parabunt,

401 1244 579 1344 Quicquid
599 1245 634 1317 ἃ
655 1244 691 1314 in
714 1243 877 1341 proprios
897 1242 1039 1345 pelagus
1058 1244 1227 1317 defiderat
1247 1241 1338 1318 usus.

299 1393 374 1471 275
400 1391 595 1468 Innumerae
615 1390 757 1467 veniunt
779 1410 892 1465 artes:
916 1391 973 1467 vix
993 1391 1136 1463 nomina
1158 1391 1261 1464 rebus

395 1540 602 1617 Sufficiunt:
622 1536 767 1612 tor‘sunt
786 1560 905 1636 parvae
925 1561 1068 1634 quoque
1086 1538 1245 1610 membra
1261 1535 1397 1611 carinae.

395 1689 506 1802 Adde
528 1686 745 1793 gubernandi
764 1686 923 1760 studium.
945 1688 1107 1763 Pervenit
1123 1689 1158 1794 in
1178 1688 1283 1780 astra,

395 1838 442 1917 Et
461 1846 610 1936 poirtum
631 1833 733 1929 'coelo
749 1837 943 1935 conjunxit.
963 1838 1115 1912 Noverit
1137 1839 1264 1911 orbem

394 1963 624 2093 Fluminaque
643 1983 679 2055 &
694 2004 813 2082 portus
835 1983 957 2055 mundi
973 1952 1167 2080 ventosque
1183 1984 1321 2061 neceffe
1337 1987 1399 2067 est«

298 2113 372 2190 280
394 2135 544 2231 Jamque
560 2132 630 2204 buc
645 2152 750 2229 atque
764 2130 847 2204 illue
860 2127 985 2232 agilem
1003 2153 1212 2207 convertere
1231 2132 1399 2235 clavum,-

393 2282 439 2355 Et
455 2280 589 2353 frenare
605 2302 740 2366 ratem,
763 2278 952 2377 flauusque
973 2280 1141 2354 effindere
1163 2284 1298 2377 ῐεᾶοες

394 2428 471 2508 Aut
485 2392 604 2501 remos
627 2429 778 2527 agitare,
802 2431 836 2501 8<
861 2426 969 2502 lentas
993 2432 1130 2503 fledere
1146 2429 1260 2504 tonsas
1273 2460 1288 2525 ;

392 2540 440 2653 Et
460 2574 638 2675 placidum
661 2574 804 2650 indueus
823 2604 983 2662 everrere
1010 2557 1139 2653 retibus
1155 2604 1279 2678 aequor
1291 2635 1306 2669 ,
1334 2578 1336 2581 ⁴

394 2721 642 2823 litoribusque
664 2723 730 2797 suis
752 2725 906 2825 populos
929 2752 1108 2826 exponere
1132 2751 1284 2825 captos,

294 2860 370 2958 285
396 2878 598 2954 Auruncos
619 2871 734 2950 celere
756 2876 841 2981 cibis
866 2898 924 2949 aut
945 2901 1085 2949 carcere
1107 2876 1276 2953 fraudem.

394 3021 549 3101 Navales
572 3024 675 3151 etiaqr
693 3051 849 3123 pugnas,
872 3028 1060 3124 pendentia
1085 3023 1178 3100 bella

394 3171 622 3256 Attribuunt‚
642 3168 825 3270 pelagique
843 3174 988 3245 infeuos
1007 3174 1168 3274 sangnine
1190 3173 1320 3247 fludus.

394 3319 600 3395 Fecundum
617 3343 726 3419 genus
745 3322 793 3393 est
815 3323 901 3394 natis
930 3325 965 3395 ἃ
988 3324 1101 3396 amica
1119 3320 1302 3420 voluptas,

397 3472 443 3547 Et
467 3467 600 3544 celeres
618 3490 760 3556 morus,
783 3490 984 3565 mutataque
1005 3470 1124 3542 consta
1150 3496 1212 3569 per
1238 3495 1366 3546 aevuma

300 3622 377 3704 290
450 3612 530 3694 Hos
552 3617 706 3720 tribuunt
726 3644 842 3693 mores
865 3643 968 3718 arque
987 3622 1048 3693 has
1071 3620 1285 3711 nascentibus
1302 3592 1392 3697 artes

397 3768 457 3845 Bis
481 3765 540 3841 sex
559 3768 678 3843 naturai
699 3770 840 3868 proprii
860 3766 1026 3869 pollentia
1045 3771 1146 3870 signa²
1235 3771 1237 3775 ’

400 3915 474 3995 Sed
491 3912 578 3995 nul
598 3915 635 3993 in
653 3914 764 3997 semet
780 3938 894 3998 totum
911 3917 1020 3999 ‘nucu
1041 3914 1172 3997 Omnia
1194 3915 1285 3998 vires
