3375 5059
406 662 499 750 174'
581 643 672 725 tis
713 632 1195 746 nstsonontquss

304 852 378 928 530
400 827 600 905 Vorticibus
623 828 744 900 mediis
772 826 896 902 oculos
921 829 1082 904 immittet
1102 858 1235 931 avaros.

398 979 445 1052 Er
463 998 592 1072 coquet
617 980 746 1077 argenti
769 976 908 1077 glebas,
926 944 1120 1077 venamque
1136 980 1326 1081 latentem?

397 1124 524 1213 Eruet,
548 1121 775 1197 &filicem
749 1149 825 1199 nvo
846 1125 984 1199 saliente
1005 1126 1160 1225 liquabit.

352 1273 473 1347 Aut
492 1272 567 1346 facti
584 1295 756 1347 mercator
774 1275 836 1347 erit
853 1300 916 1372 per
937 1296 1121 1372 utrumque
1141 1276 1289 1367 metalli,

397 1416 560 1494 Alterum
586 1424 621 1493 dr
645 1392 780 1494 alterius
800 1421 937 1519 semper
960 1414 1104 1498 muta'bit
1124 1426 1169 1497 ad
1189 1426 1279 1499 usus.

302 1586 375 1665 535
398 1563 498 1639 Talia
520 1566 679 1665 Cassiope
700 1570 897 1644 nascentum
921 1570 1195 1672 pedore-finget.

392 1737 398 1748 ·
444 1714 687 1791 Andromedae
709 1716 858 1813 sequitur
881 1716 987 1804 fidus,
1011 1739 1105 1815 quae,
1129 1718 1276 1817 piscibus
1299 1720 1383 1795 ortis

394 1857 454 1933 Bis
474 1861 531 1934 sex
551 1864 588 1934 in
605 1884 735 1961 partes,
757 1862 855 1935 coelo>
875 1865 969 1936 venit
990 1890 1091 1939 aurea
1110 1850 1246 1941 dentro.

394 1986 496 2079 Hanc
515 2008 692 2104 quondam
710 2008 824 2112 pdenae
844 2008 996 2082 dirorum
1022 2010 1124 2108 culpa
1141 2020 1321 2110 parentum

393 2153 568 2243 Prodidit,
598 2156 734 2230 infestus
753 2157 833 2229 totis
854 2158 934 2230 cum
953 2155 1074 2239 finibus
1092 2159 1204 2231 omnis
1254 2177 1259 2182 ’

204 2333 206 2341 s
298 2319 371 2401 540
396 2300 558 2375 Incubuit
572 2322 698 2399 pontus
709 2353 721 2389 ,
739 2301 853 2376 timuit
872 2323 945 2375 tum
966 2304 1124 2404 naufraga
1143 2301 1256 2377 tellus.

393 2450 568 2549 Propofita
590 2452 636 2523 est
659 2476 811 2543 merces,
834 2450 961 2535 vesano
979 2454 1110 2525 dedere
1130 2475 1243 2549 ponto

345 2652 347 2655 <
392 2600 668 2689 Andromedan,
690 2623 828 2678 teneros
850 2623 889 2674 ut
912 2598 1029 2675 bellua
1050 2601 1228 2674 manderet
1248 2620 1364 2702 artus.¹

391 2752 461 2824 Hic
477 2753 678 2848 hymenaeus
703 2773 785 2826 etat.
809 2749 994 2849 Solataque
1021 2750 1159 2851 publica
1177 2752 1303 2824 damna

390 2898 531 3002 Privatis
551 2899 734 2996 lacrymis,
762 2921 901 2973 ornatur
922 2898 1055 2973 vitiima
1074 2922 1189 2997 poenae
1205 2928 1218 2990 3

295 3056 367 3136 545
390 3047 614 3145 Induiturque
634 3047 719 3120 smus
740 3074 811 3122 non
829 3050 907 3123 haec
929 3048 973 3120 ad
989 3071 1072 3125 vota
1092 3048 1249 3145 paratos:

431 3270 471 3335 V·
495 3291 563 3348 540·
581 3272 695 3338 Omnes
719 3292 777 3337 vet.
803 3273 894 3353 scripti
919 3279 947 3335 δι
969 3272 1054 3349 editi,
1083 3275 1182 3335 timuit
1204 3265 1374 3356 naufragia

389 3386 487 3449 tellus:
504 3386 555 3447 Sc.
572 3388 638 3446 crim
662 3388 819 3472 naufraga
844 3388 940 3449 tellus:
963 3385 1121 3457 Reinesius,
1141 3384 1230 3448 Huet.
1255 3382 1289 3444 F.
1310 3402 1372 3444 tum

389 3501 546 3586 naufraga
562 3498 658 3559 tellus:
676 3498 768 3559 Barth.
786 3503 926 3582 timuisti,
942 3482 1098 3583 naufraga
1113 3497 1212 3558 tellus:
1227 3496 1257 3556 Β.
1273 3498 1372 3558 timuit

391 3614 551 3698 Matuufia
572 3612 644 3691 (v'el
662 3616 813 3695 Cepheia)
831 3615 920 3675 tellus.
938 3611 1010 3697 Legi
1023 3611 1125 3692 posset,
1141 3611 1251 3692 propius
1269 3610 1304 3670 ad
1322 3631 1371 3671 ve·

389 3739 476 3801 teres,
502 3731 609 3805 timuit·
625 3728 796 3815 ¹navifragis
818 3729 908 3789 tellus.
938 3728 1049 3788 Harum
1073 3726 1195 3785 omnium
1221 3724 1372 3786 lectionum

388 3838 598 3917 prestantissima
617 3843 698 3902 nobis
712 3844 852 3904 videretur
868 3864 901 3901 ea
917 3862 999 3922 quam
1018 3859 1084 3910 ante
1100 3839 1180 3902 Scri:
1194 3854 1288 3900 tenent
1305 3837 1372 3899 uni·

389 3951 478 4031 vers,
495 3951 544 4015 nisi
559 3953 636 4037 leges
653 3957 788 4019 obstarent
806 3954 944 4019 carminis.
