3375 5059
471 618 536 683 242
690 592 800 665 ωε
845 592 1228 673 Ρηὲηοιαὲηο

464 751 758 865 Septent‘dicier,
775 793 813 845 ut
836 795 971 847 veteres
999 775 1142 860 statuere
1163 775 1301 874 po'e'tae,

468 917 619 1004 AEterno
640 920 776 995 cunetas
799 943 880 996 aevo
910 922 969 1018 qui
995 924 1137 996 nomine
1158 923 1321 1024 dignam:

368 1081 443 1161 270
467 1065 657 1164 Alcyone,
679 1068 922 1164 Meropeque,
945 1067 1113 1178 Cetaeno,
1136 1070 1392 1173 Taygeteque,

463 1215 616 1328 ῌΙεᾷζᾶ,
634 1217 857 1324 Steropeque
869 1272 881 1305 ,
903 1216 1001 1289 finntl
1024 1216 1219 1291 sandiffima
1243 1220 1350 1293 Maia.
1471 1217 1473 1224 ’

458 1366 532 1461 ῌεε
551 1387 671 1462 tenues
697 1388 807 1463 parvo
825 1362 990 1437 labentes·
1006 1362 1137 1439 lumine
1155 1362 1273 1439 lucent
1287 1390 1313 1439 t·
1430 1357 1448 1400 ⁸

461 1513 512 1588 At
538 1537 707 1616 magnum
730 1513 866 1587 nomen
881 1512 989 1614 figni,
1012 1512 1216 1611 clarumque
1236 1536 1410 1615 nocetur,
1442 1530 1466 1551 ·’

458 1662 645 1762 Propterea
667 1636 764 1758 q‘nbd
784 1663 820 1734 8<
842 1663 962 1736 aessatis
987 1666 1178 1762 primordia
1200 1661 1332 1752 clarat,

361 1817 434 1899 275
459 1808 504 1896 Et
523 1808 618 1905 pest,
638 1795 771 1883 hiberni
790 1809 1021 1907 praepandens
1043 1810 1212 1910 temporis
1237 1831 1359 1899 ortus,

458 1955 643 2030 Admonet
659 1940 697 2028 ttt
720 1956 888 2029 mandent
910 1956 1076 2031 mortales
1098 1958 1228 2033 semina
1255 1958 1365 2051 tertis.

505 2106 595 2179 Inde
617 2101 704 2194 fides
724 2103 849 2188 leviter
874 2107 982 2204 pofita
1001 2109 1035 2178 ὅ(
1055 2130 1213 2180 convexa
1240 2106 1407 2198 videtur3
1450 2118 1453 2125 '

455 2254 648 2330 Mercurius
669 2256 781 2350 parvis
803 2256 960 2331 manibus
981 2269 1086 2354 quam
1108 2256 1233 2359 dicitnr
1258 2253 1346 2329 olim

453 2402 495 2510 tn
518 2404 614 2474 cunis
636 2400 816 2475 fabricatus
838 2405 875 2476 in
895 2404 963 2478 alta
984 2402 1066 2507 sede
1092 2402 1248 2503 locnffe3

357 2541 430 2616 '280
454 2552 546 2652 Qute
568 2572 675 2651 genus
701 2550 747 2621 ad
770 2547 898 2625 laevutn
924 2552 1008 2630 Nixi
1035 2548 1174 2646 delapsa
1201 2546 1353 2637 resedit,
1409 2548 1414 2559 '

406 2750 408 2755 »
455 2699 685 2795 Atqueinter
703 2702 833 2774 flexum
856 2725 987 2799 genus,
1007 2700 1041 2771 ἃ
1061 2720 1166 2795 caput
1187 2694 1273 2782 alitis¹
1296 2697 1403 2773 haefit.

392 2898 393 2901 =
502 2849 669 2944 Namque
694 2848 740 2921 est
764 2844 833 2919 ales
856 2846 949 2932 avis,
966 2844 1038 2917 lato
1059 2844 1121 2919 sub
1145 2846 1296 2945 tegmine
1317 2845 1400 2919 coeli

455 2997 546 3091 Quae
567 2993 679 3084 volat,
702 2997 735 3067 8<
755 2992 893 3091 serpens
911 2994 1056 3094 geminis
1080 2991 1170 3065 secat
1192 2996 1268 3065 a'e’ra
1288 2993 1424 3088 pennis.'

453 3141 577 3217 Altera
596 3167 674 3241 pars
696 3143 777 3214 huic
796 3138 944 3215 obscura
965 3140 1026 3226 est,
1041 3139 1075 3210 8<
1092 3135 1227 3207 luminis
1247 3161 1397 3232 expers:

355 3284 430 3378 285
455 3289 577 3383 Altera
599 3316 666 3380 nec
690 3287 803 3388 parvis
815 3343 827 3382 ,
849 3316 917 3364 nec
936 3284 1034 3360 claris
1054 3282 1186 3354 lucibus
1212 3284 1335 3379 ardet,

461 3470 1444 3518 w--a

493 3537 623 3679 V..3263.
642 3543 782 3646 Nonnulli
798 3598 850 3657 pro
871 3576 1002 3662 dignam
1017 3574 1116 3661 legunt
1125 3578 1276 3665 fignant,
1292 3582 1318 3639 &
1332 3575 1370 3638 ita
1387 3591 1439 3640 vet.

455 3702 519 3775 cod,
592 3696 596 3724 ;
1090 3720 1092 3725 ’
1164 3727 1166 3733 ·

284 3875 286 3882 «
402 3846 405 3851 ·
493 3817 536 3885 V.
553 3837 622 3890 274·
643 3817 714 3878 Sunt
730 3810 780 3896 qui
797 3810 913 3890 malint,
931 3811 989 3876 Ad
1005 3812 1122 3894 astatis
1136 3810 1303 3890 primordia
1322 3813 1424 3873 claret.

493 3937 531 3999 V.
553 3953 620 4006 277.
639 3933 673 3994 In
690 3929 762 3995 libro
780 3931 809 3994 11
825 3931 859 3995 de
876 3930 953 3995 Nat.
968 3932 1102 3993 Deorum
1122 3944 1172 4004 pto
1192 3946 1328 4004 convexa
1345 3925 1438 4011 legitut
