3375 5059
448 666 495 729 ‘rr
655 662 748 731 Las
777 664 1259 775 Asruou'ou'rourtr

376 817 424 936 25
450 830 564 931 Inque
582 834 654 909 suas
676 838 755 927 ferri
779 868 923 940 poenas,
941 844 1191 950 lacerandaque
1211 851 1382 927 membra.

332 1075 335 1082 Α
431 984 557 1079 Quod
580 986 711 1060 Decios
724 1013 797 1062 nou
816 1015 924 1065 omne
937 995 1037 1084 tulit,
1057 1022 1129 1072 nou
1148 1024 1255 1075 omne
1271 999 1442 1075 Camillos

363 1205 367 1214 ,
447 1133 628 1233 Tempus,
657 1138 691 1209 8<
715 1138 836 1213 invius
855 1140 1026 1218 deutrum
1052 1133 1170 1221 mente
1188 1151 1361 1223 Catonem
1373 1179 1388 1245 3

353 1279 356 1285 ’
447 1278 613 1354 Materies
630 1285 665 1354 iu
688 1304 763 1358 rem
786 1285 945 1386 superat,
966 1315 1021 1365 res
1044 1289 1123 1393 lege
1142 1315 1323 1394 repugnat.

449 1428 497 1503 Et
521 1453 636 1527 neque
659 1455 843 1531 paupertas
862 1434 1042 1511 breviores
1060 1440 1188 1539 excipit
1212 1464 1345 1531 annos,

376 1572 427 1666 20
450 1579 531 1652 Nec
549 1576 626 1653 sunt
646 1582 818 1654 immensis
841 1579 968 1682 opibus¹
990 1584 1123 1661 venalia
1145 1587 1225 1661 sata.

448 1729 522 1804 Sed
544 1731 633 1827 rapit
654 1756 698 1803 ex
725 1734 815 1806 testo
839 1734 940 1808 sunus
959 1736 1098 1812 fortuna
1119 1736 1294 1836 superbo,

448 1878 645 1976 Indicitque
660 1905 785 1982 rogum
806 1882 967 1974 summis,
983 1886 1164 1984 statuitque
1184 1884 1418 1984 sepulchrum.

448 2027 627 2129 ¹Quantum
649 2029 697 2103 est
719 2031 791 2103 hoc
811 2033 981 2133 regnum,
1007 2033 1106 2129 quod
1132 2034 1271 2133 regibus
1298 2030 1446 2129 imperat

677 2176 780 2275 ipsis?

451 2329 546 2423 Quin
571 2327 674 2401 etiam
697 2326 814 2400 infelix
837 2330 994 2403 virtus&
1019 2331 1122 2403 noxia
1143 2329 1245 2415 felix3

377 2485 431 2577 9'5
454 2475 500 2549 Et
517 2473 607 2547 male
628 2472 791 2548 consultis
805 2477 955 2572 pretium
976 2477 1023 2548 est
1034 2530 1046 2564 ,
1068 2476 1249 2573 prudentia
1266 2472 1374 2563 fallit,

450 2625 533 2698 Nec
550 2624 687 2697 fortuna
709 2626 837 2724 probat
859 2623 996 2712 causas,
1017 2622 1237 2719 sequiturque
1253 2641 1447 2714 merentes,

450 2774 523 2847 Sed
544 2799 630 2874 vaga
650 2800 714 2873 per
734 2778 874 2877 cunctos
895 2773 990 2848 nullo
1016 2774 1210 2846 discrimine
1234 2771 1352 2844 fertur.

451 2923 591 2998 Scilicet
614 2926 662 2998 est
683 2925 776 2999 alind
786 2981 800 3019 ,
826 2926 922 3023 quod
947 2951 1012 2999 nos
1034 2946 1207 3025 cogatque
1233 2899 1438 3021 regatque.¹

451 3071 591 3173 Majus,
613 3067 704 3144 &in
728 3076 885 3169 proprias
908 3075 1013 3145 ducat
1032 3070 1196 3144 mortalia
1210 3068 1330 3167 leges,
1373 3087 1375 3095 ⁴

354 3238 433 3298 ¹100
457 3175 703 3321 Attiibuatque
723 3216 802 3290 suos
821 3242 865 3290 ex
891 3214 1160 3288 senescentibus
1181 3238 1312 3299 anuos,

346 3439 355 3449 ,.
452 3347 687 3463 Fortunaeque
707 3366 812 3442 vices.
836 3362 1021 3437 Permiscet
1041 3361 1134 3460 saepe
1157 3361 1308 3435 serarum

455 3521 617 3617 Corpora
630 3541 711 3589 cum
730 3516 895 3590 membris
912 3514 1110 3587 hominum:
1124 3526 1196 3585 n'on
1211 3512 1345 3585 seminis
1358 3505 1418 3583 ille

455 3673 577 3744 Partus
600 3668 688 3761 erit3
705 3663 790 3764 quid
807 3666 901 3736 enim
916 3662 1018 3738 nobis
1035 3687 1225 3736 commune
1240 3657 1413 3754 serisque?

456 3812 587 3917 Quisve
607 3819 643 3889 in
664 3817 814 3913 portenti
829 3836 958 3888 noxam
977 3814 1129 3911 peccarit
1144 3807 1303 3881 adulter?

357 3972 434 4052 105
460 3970 560 4049 Astra
580 3988 710 4047 novant
730 3966 859 4040 formas
870 4020 881 4055 ,
903 3961 1103 4056 coelumque
1117 3952 1301 4057 interpolat
1322 3978 1395 4054 ora.
