3375 5059
440 670 487 746 46
606 654 1221 741 Lns‘Asrnononerrrr
1346 725 1350 731 .

439 832 567 908 Rursus
592 836 628 907 δι
650 834 685 907 in
709 858 833 935 magna
849 831 977 935 mergis
998 829 1144 933 caligine
1165 852 1341 924 mentemf

443 982 596 1056 Cernere
616 985 696 1057 clun
719 980 809 1055 facili
831 981 948 1055 lucem
972 982 1276 1060 ratione-rideret.

441 1131 549 1226 Quod
565 1117 712 1227 queris,
736 1128 824 1202 deus
847 1130 920 1203 ell:
940 1133 1075 1205 conaris
1101 1132 1266 1208 scandere
1286 1127 1436 1227 coelumq
1467 1171 1472 1182 =

429 1251 583 1376 Fataque
602 1275 695 1351 fatali
721 1279 859 1379 genitus
880 1275 1099 1378 cognoscere
1117 1279 1218 1381 lege,

342 1435 416 1514 390
439 1430 485 1502 Et
504 1428 641 1501 tranfire
659 1449 757 1500 tuum
781 1429 917 1526 pestus,
937 1430 1147 1527 mundoque
1167 1426 1298 1526 potiris

441 1578 511 1649 Pro
530 1578 641 1675 pretio
664 1572 764 1648 labor
788 1575 855 1663 ess,
880 1600 947 1686 nec
969 1575 1044 1650 sunt
1070 1578 1237 1650 immunia
1258 1596 1375 1666 tanta,

440 1724 522 1797 Nec
546 1724 670 1795 mirere
693 1722 761 1797 vioe
781 1724 911 1812 llexus,
933 1695 1117 1820 rerumque
1138 1745 1288 1797 catenas.

438 1872 590 1945 Admitti
612 1869 759 1969 potuisse
784 1871 832 1945 sat
852 1874 899 1945 ell
910 1901 923 1965 3
946 1872 1008 1945 fint
1027 1896 1143 1947 cetera
1164 1875 1290 1949 nostra.

440 2021 494 2096 At
514 2020 571 2093 nili
591 2020 745 2121 perfossis
767 2019 876 2121 lugiet
895 2042 931 2093 te
948 2022 1125 2095 montibus
1148 2046 1294 2105 aurum.

344 2170 426 2255 395·
440 2171 671 2264 Obllabitque
695 2167 760 2241 suis
786 2170 913 2268 opibus
934 2166 1151 2266 superaddita
1165 2167 1280 2245 tellus.

445 2319 495 2393 Ut
519 2320 654 2390 veniant
673 2336 835 2415 gemme,
859 2342 950 2392 totus
971 2318 1163 2415 tranfibirur
1184 2321 1284 2394 orbis.

439 2436 530 2541 Nec!
540 2466 694 2564 lapidum
718 2466 830 2563 pretio
853 2463 995 2565 pelagus
1016 2462 1144 2563 cepisse
1166 2466 1312 2566 pigebit.

439 2615 569 2692 Annua
588 2612 724 2687 solliciti
746 2612 986 2687 consummant
1010 2635 1094 2686 vota
1115 2611 1260 2688 coloni:

441 2763 488 2838 Et
510 2787 650 2862 quantae
670 2764 839 2836 mercedis
863 2772 961 2837 erunt
983 2760 1116 2836 fallacia
1138 2760 1248 2840 ruras

342 2909 421 2996 400
443 2913 650 3003 Quaeremus
671 2907 805 2982 lucrum
825 2912 926 2998 navi,
946 2908 1166 3005 Martemque
1182 2909 1365 3007 sequentur
1422 2987 1428 2996 ,
1480 2974 1482 2979 .

441 3054 484 3128 ln
504 3055 668 3153 praedas?
687 3056 818 3150 pudeat
840 3035 935 3128 tante
956 3048 1051 3128 bone
1071 3053 1165 3131 velle
1188 3058 1331 3133 caduca.

443 3205 603 3278 Luxuriae
624 3227 767 3300 quoque
790 3199 909 3275 militia
929 3203 1000 3289 ell,
1027 3201 1211 3303 vigilatque
1229 3209 1334 3281 ruinis

445 3352 605 3464 Venter,
624 3352 659 3423 &
680 3370 719 3421 ut
741 3371 907 3449 pereant,
931 3349 1094 3447 suspirant
1113 3351 1207 3451 saepe
1228 3318 1409 3453 nepotes.·¹

440 3501 539 3598 Quid
545 3498 638 3574 coelo
646 3498 827 3574 dabimus?
838 3521 1004 3596 quantum
1018 3502 1080 3591 ell,
1096 3529 1300 3600 quoveneat
1312 3506 1436 3591 omnes¹

351 3671 424 3753 405
448 3650 708 3749 Impendendus
730 3649 843 3723 homo
863 3649 931 3737 ess,
946 3639 1031 3724 deus
1046 3649 1115 3726 esse
1128 3676 1167 3727 ut
1183 3657 1281 3753 polilt
1295 3656 1330 3728 in
1348 3656 1437 3753 ipso.

486 3893 529 3957 V.
555 3903 622 3975 396.
645 3894 732 3955 Hunc
747 3898 897 3956 barbatum
916 3896 1027 3958 versum
1043 3896 1188 3978 proscribit
1209 3898 1244 3968 Β.

423 3977 432 3995 ⁰
485 4004 529 4077 Υ.
547 4007 668 4100 ΜΒ.
686 4011 799 4087 culinis
818 4032 872 4098 pro
892 4013 1003 4080 ruinis.
