3375 5059
448 674 495 739 44
638 640 730 722 Las
767 649 1245 739 Asnnouourours

348 821 422 919 365
445 820 685 913 Diffimulant,
708 850 780 899 non
801 825 836 899 se
858 823 1026 900 ostentant
1047 825 1248 901 mortalibus
1268 825 1364 900 assra.

445 968 561 1045 Altius
578 973 625 1046 est
645 974 855 1078 aciesanimi
877 975 1047 1049 mittenda
1064 975 1190 1077 sagacis
1199 1004 1213 1068 3

446 1117 558 1219 Inque
577 1119 646 1194 ario
657 1122 843 1218 quaerenda
861 1145 1022 1212 manent,
1036 1126 1223 1223 junc‘iisque
1236 1122 1437 1223 sequentum

445 1265 604 1349 Viribus:
628 1272 663 1343 u
685 1276 782 1372 cujus
802 1270 884 1374 figni
902 1253 977 1370 quis
998 1297 1097 1373 parte
1121 1296 1278 1364 creatur,

443 1418 528 1520 Ejus
546 1421 653 1494 habet
674 1446 817 1511 mores,
833 1445 937 1521 atque
955 1422 1017 1499 illo
1040 1423 1187 1498 nascitur
1209 1424 1309 1497 astro.

343 1576 418 1656 370
442 1564 537 1642 Talis
561 1594 625 1667 per
640 1571 745 1645 denas
765 1570 874 1676 sones
895 1594 1013 1647 natura
1026 1573 1171 1647 feretur.

441 1721 551 1795 Testis
576 1723 639 1799 erit
660 1726 773 1799 varius
796 1723 858 1799 sub
880 1724 1010 1799 eodem
1031 1723 1139 1797 fidere
1155 1721 1283 1810 foetus,
1332 1747 1335 1754 ’

438 1870 617 1968 Quodque
642 1870 677 1943 in
697 1893 768 1944 tam
784 1870 900 1944 multis
920 1874 1132 1945 animantum
1149 1835 1320 1955 nullibus,
1335 1889 1409 1939 uno

438 2019 531 2111 Quae
545 2018 686 2093 veniunt
700 2015 795 2120 figno
807 2070 819 2108 ,
829 2038 883 2090 tot
896 2015 971 2090 sunt
984 2066 995 2104 ,
1009 2036 1097 2113 quot
1112 2034 1280 2113 corpora,
1294 2020 1412 2087 mores
1418 2039 1431 2098 3

440 2167 486 2239 Et
499 2190 607 2265 genus
626 2187 806 2240 externum
821 2162 972 2237 referunt
991 2161 1103 2236 aliena
1121 2186 1185 2258 per
1201 2161 1306 2247 astra,
1418 2131 1422 2136 Ι

342 2310 414 2389 375
440 2314 650 2411 Confufique
670 2316 780 2385 fluunt
803 2336 919 2411 partus
940 2315 1124 2386 hominum
1142 2328 1246 2407 atque
1268 2311 1432 2384 ferarum:

323 2471 329 2477 ’
438 2458 576 2533 Scilicet
594 2462 634 2531 in'
649 2480 762 2558 partes
775 2466 962 2560 junguntur
983 2458 1124 2532 condita
1144 2456 1293 2555 plures,-

435 2606 664 2704 Diversasque
685 2608 799 2682 serunt
817 2607 961 2706 proprio
982 2603 1044 2679 sub
1065 2604 1207 2679 nomine
1227 2604 1336 2707 leges.

438 2757 520 2831 Nec
542 2758 672 2831 tantum
692 2754 782 2830 lanas
801 2756 914 2844 aries,
936 2778 1002 2827 nec
1024 2774 1138 2825 taurus
1156 2760 1284 2841 aratra,

439 2908 521 2979 Nec
538 2907 666 3006 gemini
692 2905 826 2994 musas,
847 2928 914 2978 nec
938 2925 1073 2976 merces
1094 2925 1220 2976 cancer
1240 2891 1392 2996 amabit}

339 3052 414 3147 380
437 3056 519 3127 Nec
535 3050 594 3127 leo
619 3076 765 3129 venator
785 3056 924 3142 veniet,
946 3079 1013 3128 nec
1031 3051 1131 3153 virgo
1151 3051 1329 3149 magistra,

437 3198 605 3319 Mensuris
629 3221 686 3272 aut
701 3198 788 3272 libra
805 3221 955 3299 potens,
979 3221 1037 3271 aut
1053 3196 1209 3295 scorpios
1228 3195 1354 3282 annis,

437 3346 697 3445 Centaurusque
716 3344 817 3433 seris,
837 3347 907 3445 igni
928 3347 1169 3443 capricornus,
1193 3345 1229 3415 &
1254 3343 1355 3416 undis

435 3497 516 3596 Ipse
539 3497 603 3570 suis
624 3494 778 3596 juvenis,
799 3493 995 3593 geminique
1014 3517 1077 3589 per
1099 3515 1239 3589 aequora
1262 3489 1397 3588 pisces:

434 3646 544 3720 Mixta
559 3644 620 3717 sed
637 3644 673 3717 in
690 3641 804 3743 plures
828 3641 998 3716 sociantur
1021 3641 1251 3716 fideravires.
1360 3642 1363 3649 '

340 3793 428 3899 385‘
481 3776 663 3882 Multum,
688 3790 819 3887 inquis,
840 3810 1051 3889 tenuemque
1068 3790 1168 3891 jubes
1185 3810 1242 3857 me
1267 3783 1356 3857 ferre
1378 3781 1427 3857 la*
1452 3883 1454 3888 Ι

733 3935 857 4009 borem
874 3966 896 4030 3-
