3375 5059
688 650 889 723 'lirae
934 659 1033 723 tn·
1162 660 1171 674 '
1274 674 1341 743 509

348 813 530 884 peramento
553 796 636 865 teile
664 799 726 865 dici
747 823 812 866 non
833 801 1041 889 ambigimus:
1061 798 1166 887 quoad
1188 799 1252 869 alia·
1275 802 1342 868 dici

346 906 433 990 polle
450 925 515 972 non
531 909 689 974 credimus.
709 912 856 975 Pr'aetetea
877 932 941 998 quae
960 904 1049 973 series
1069 909 1237 986 orationis,
1261 934 1338 976 rem·

344 1036 427 1095 pora
447 1039 506 1078 uno
532 1039 662 1101 tempore
683 1022 858 1101 permixtos
882 1020 948 1080 dies
962 1018 1154 1099 servantia?

394 1157 434 1221 V.
453 1180 531 1238 444.
551 1164 742 1247 Singulaque
754 1164 906 1245 propriis.
922 1162 969 1225 lta
986 1164 1036 1225 Sc.
1055 1153 1171 1248 syllabi
1190 1180 1245 1243 que
1266 1179 1341 1245 pro-¹

344 1260 461 1340 duell,
482 1286 547 1331 tum
567 1270 601 1333 vi
621 1268 747 1343 cesurae,
765 1287 829 1334 tum
848 1287 973 1354 propter
994 1267 1153 1357 sequentes
1166 1266 1243 1332 duas
1259 1285 1339 1331 con-

345 1368 501 1439 sonantes.
532 1376 619 1440 Libri
646 1375 777 1442 universr
806 1372 935 1452 melitis,
963 1377 1007 1441 ait
1030 1380 1066 1440 B.
1090 1379 1282 1463 Singulaque
1305 1379 1341 1438 in

338 1486 492 1564 propriis.
518 1484 704 1550 Particulam
732 1488 764 1547 in
786 1483 803 1549 ὲ
825 1486 866 1549 G.
889 1504 993 1551 tamen
1019 1484 1121 1553 abelle
1143 1484 1269 1551 testatur-
1288 1488 1340 1551 Sc.

341 1590 377 1652 δι
393 1590 467 1656 teste
490 1592 659 1668 Stoebero‚
681 1591 764 1657 abeli
784 1594 878 1659 etiam
896 1592 915 1658 l
930 1599 968 1659 L.
980 1599 1122 1674 Quaerere
1142 1594 1237 1661 liceat
1253 1592 1338 1683 quis·

341 1715 417 1759 nam
439 1695 498 1763 effe
531 1700 620 1785 possir
650 1699 792 1765 lestionis
825 1702 1015 1771 Bentleianae
1042 1702 1167 1770 sensus:
1195 1706 1337 1768 Membra

338 1806 481 1889 corporis
507 1805 634 1873 humani
652 1831 763 1891 parent
787 1813 819 1870 in
834 1815 977 1902 propriis
996 1813 1144 1899 figuris?
1164 1816 1216 1877 An
1237 1832 1337 1882 voces

337 1918 478 2001 propriis
498 1916 619 2002 figuris
640 1916 678 1983 de
700 1918 864 1985 duodecim
884 1920 1039 2017 fignotum
1063 1902 1266 1987 carasteribus
1286 1917 1336 1986 as-

341 2024 522 2089 tronomicis
548 2046 618 2090 cum
646 2026 796 2108 Stoebero
819 2029 1111 2113 interpretabimur,
1137 2027 1191 2113 qui
1216 2026 1337 2103 etiam,

339 2131 516 2199 auctoribus
535 2136 603 2199 Par.
624 2139 656 2199 &
674 2138 754 2223 Reg.
777 2138 1020 2199 membrumutat
1041 2135 1072 2198 in
1082 2132 1202 2220 'figam
1224 2131 1335 2200 Abfint

340 2232 358 2303 ὲ
376 2235 495 2305 summo
516 2240 650 2308 Bentleii
669 2242 797 2331 ingenio
816 2240 896 2307 tales
919 2236 1051 2329 ineptia.
1336 2247 1339 2253 '

385 2395 427 2458 V.
443 2403 520 2476 469.
542 2402 719 2480 cernerent
741 2401 821 2461 inter
834 2398 895 2481 fe,
916 2403 977 2463 &c
1001 2401 1052 2465 De
1075 2394 1142 2465 visu
1165 2400 1197 2463 &
1221 2383 1332 2465 auditu

338 2502 494 2592 signorum
521 2505 584 2571 haec
617 2498 671 2573 est'
687 2507 810 2571 Manilii
838 2508 987 2573 doilrina.
1015 2509 1111 2598 Signa
1142 2500 1333 2585 solstitialia,

337 2633 452 2678 cancer
483 2618 514 2678 &
544 2616 767 2700 capricornus,
793 2614 905 2699 seipsos
934 2614 1045 2702 linguli
1070 2614 1188 2680 vident
1215 2617 1331 2679 Cetera

336 2719 422 2807 ligna
443 2719 473 2786 se
492 2720 600 2785 mutui>
618 2721 801 2806 respiciunt,
822 2721 844 2785 fi
863 2742 971 2787 eorum
996 2720 1148 2806 principia
1166 2719 1210 2783 ab
1233 2718 1330 2785 altet-

337 2846 406 2892 utro
429 2829 545 2913 punilo
564 2828 710 2895 solstitiali
735 2828 843 2918 equali
867 2827 935 2894 sunt
955 2825 1123 2893 intervallo
1142 2825 1262 2893 dillitat
1287 2827 1331 2894 fle

334 2932 390 2999 leo
413 2938 574 3022 geminos,
598 2938 713 3025 gemini
733 2936 885 3009 leonem3
906 2954 1009 2999 taurus
1032 2934 1211 3022 virginem,
1236 2935 1332 3023 virgo

336 3065 456 3112 taurum
484 3046 595 3122 videt,
622 3050 682 3109 &c
712 3050 750 3110 Se
778 3044 858 3110 solos
886 3042 1061 3132 fingulatim
1086 3043 1215 3133 audiunt
1241 3042 1330 3133 figna

334 3154 561 3243 equinoctialia
573 3203 583 3233 ,
604 3156 684 3221 aries
707 3158 739 3218 δε
760 3154 860 3219 libra:
881 3154 1009 3219 audiunt
1030 3150 1060 3220 se
1084 3154 1221 3219 invicem
1241 3152 1329 3242 ligna

336 3284 402 3350 que
420 3263 460 3326 ab
483 3261 741 3356 equinofflalium
764 3259 910 3327 alterutro
932 3260 999 3327 sunt
1018 3260 1090 3326 hinc
1110 3266 1141 3325 δι
1161 3259 1235 3329 inde
1260 3261 1329 3347 pati

335 3388 454 3434 remota
473 3371 658 3453 intervallo)-
677 3370 762 3436 atidit
774 3372 866 3460 virgo
884 3371 1057 3457 scorpium,
1077 3366 1212 3462 scorpius
1231 3367 1330 3455 virgi-

335 3497 407 3541 nem
420 3503 427 3532 τ
449 3479 565 3565 gemini
578 3483 735 3567 aquarium
750 3527 759 3555 ,
774 3482 916 3569 aquarius
928 3480 1091 3570 geminos,
1104 3479 1168 3541 &o⁴
1179 3474 1210 3538 Si
1222 3495 1326 3566 quan«

335 3583 377 3649 do
397 3584 438 3651 ab
461 3581 624 3673 ea'regula
650 3585 783 3653 deflectit
805 3584 978 3661 Manilius,
996 3582 1123 3668 poetam
1142 3582 1234 3676 agit,
1258 3602 1328 3651 non

335 3693 521 3782 astrologum
532 3740 543 3770 ,
562 3712 596 3757 ut
617 3693 691 3756 alibi
711 3692 854 3759 diximus.
1093 3682 1110 3709 ⁸

381 3852 419 3914 V.
436 3870 511 3935 515.
532 3852 714 3915 Funderet&
733 3853 884 3934 operarius
902 3848 1016 3911 tendas.¹
1033 3851 1070 3913 Bt
1091 3848 1209 3911 Undat.
1225 3849 1327 3913 mutat

338 3956 371 4029 itt
397 3981 515 4028 urnam.
539 3961 616 4038 Sic,
635 3960 759 4051 inquit,
773 3960 906 4040 fundere
924 3963 1062 4053 pocula,
1082 3979 1241 4039 poteram,
1256 3965 1342 4024 card

1065 4061 1146 4157 Viij
