3375 5059
491 603 596 692 ³.‚
668 599 1001 677 utinm.
1265 618 1334 701 312

336 757 400 838 'que
421 742 515 813 rursus
533 741 565 809 in
589 741 672 811 idem
694 745 813 835 fignum
834 768 1017 831 concurrere
1037 744 1094 809 erit
1115 744 1265 816 difficilet
1294 754 1329 817 δε
1373 711 1384 764 '¹

335 854 435 941 reipsa
445 854 646 941 nonopetoso
656 856 786 943 negotio
798 854 1036 941 deprehenditur
1047 852 1329 926 concursumillum

336 953 475 1028 nonnisi
496 961 562 1049 post
587 961 714 1027 exadbos
733 961 937 1050 quadraginta
959 967 991 1026 δι
1008 962 1081 1027 odio
1100 984 1198 1027 annos
1220 965 1331 1029 iterum

335 1073 497 1158 expediari
517 1068 609 1157 posse.
629 1072 669 1134 Et
697 1069 750 1134 illa
773 1070 837 1147 est,
862 1071 895 1134 ni
918 1068 1076 1149 fallimur,
1095 1071 1260 1136 Maniliani
1279 1093 1333 1136 ra·¹

337 1183 459 1247 tiocinii
474 1180 599 1247 summa.
617 1179 678 1244 Sed
698 1177 718 1244 st
737 1180 780 1244 ita
799 1178 828 1244 se
846 1203 893 1245 tes
910 1180 1025 1258 habet,
1046 1202 1099 1246 cur
1114 1180 1211 1258 dixit,
1234 1181 1345 1263 mense-

337 1292 403 1353 dies
420 1292 545 1372 semel?
570 1288 708 1363 Eadem,
737 1289 846 1365 aiunt,
877 1306 951 1373 puta
976 1305 1085 1377 quarta
1112 1288 1221 1353 menfis
1248 1290 1334 1367 dies,

331 1397 452 1483 ‚eodem
475 1396 577 1463 mense
599 1397 691 1463 semel
719 1414 917 1472 numeratur,
936 1418 1122 1485 numquam,
1151 1396 1204 1461 nifi
1228 1398 1335 1465 mense

333 1504 498 1594 sequenti,
516 1506 667 1578 redituta3
680 1527 749 1570 cum
765 1505 783 1571 ὲ
803 1526 912 1570 contra
926 1504 1003 1570 hora
1014 1525 1122 1595 quarta
1135 1505 1182 1570 bis
1194 1495 1244 1573 die
1257 1503 1333 1597 qud-

337 1612 416 1680 libet
436 1633 633 1708 numeretur,
651 1612 743 1679 semei
763 1614 880 1688 nodio,
898 1614 1069 1702 iterumque
1091 1613 1233 1679 interdiu.
1253 1619 1334 1681 1²1ae-

338 1720 422 1787 dare
448 1720 540 1787 sani!
572 1719 655 1812 quafi
674 1717 725 1785 hic
750 1720 789 1788 de
806 1721 1020 1808 numeratione
1039 1720 1185 1810 botarum
1202 1724 1234 1786 in
1258 1723 1335 1803 die,

337 1823 393 1895 uel
412 1831 444 1894 in
465 1828 567 1896 mense
585 1830 703 1896 dierum
721 1850 839 1919 agatur.
863 1832 974 1918 Agitur
990 1828 1029 1895 de
1047 1828 1213 1895 duodecim
1232 1821 1335 1919 fignis.

341 1940 440 2003 Venit
459 1942 557 2000 omnis
571 1942 615 2001 ad
626 1942 737 2023 astrum
750 1986 761 2017 ,
775 1940 875 2027 inquit
887 1938 1056 2016 Manilius,
1073 1938 1105 2003 id
1119 1938 1178 2025 est,
1198 1940 1238 2005 ad
1249 1940 1335 2007 idem

339 2046 480 2135 fignum,
501 2050 577 2110 hora
601 2050 649 2109 die
669 2049 728 2112 bis.
754 2047 831 2111 Dies
853 2045 923 2120 illa,
942 2045 1018 2109 sicut
1038 2050 1070 2109 δι
1091 2043 1153 2109 alia
1172 2064 1335 2133 tempora,

309 2240 313 2248 Ι
340 2175 405 2220 non
429 2155 446 2220 i
465 2155 614 2231 meridie,
638 2176 703 2218 non
727 2153 744 2217 *a
768 2150 872 2217 media
890 2151 982 2217 nodie
994 2197 1005 2228 ,
1025 2142 1078 2217 se'd
1099 2151 1139 2216 ab
1162 2151 1228 2238 ipso
1250 2156 1339 2219 nati-

341 2264 449 2328 vitatis
470 2280 631 2327 momento
647 2258 837 2333 numeranda
858 2257 908 2323 est
934 2263 1000 2321 Die
1013 2255 1066 2323 illd
1085 2258 1205 2346 primi,
1221 2262 1336 2351 viginti
1376 2278 1380 2284 ’

341 2389 474 2458 quatuor
496 2370 578 2436 horis
598 2368 776 2446 eonstante,
795 2373 872 2431 horo
887 2370 934 2430 bis
955 2370 999 2429 ad
1019 2371 1149 2451 astrum,
1172 2390 1247 2457 puta
1264 2370 1338 2439 leo-⁴

340 2493 436 2554 nem,
451 2460 545 2543 uenit.
562 2480 664 2544 Primo
679 2479 795 2561 mense,
810 2495 855 2542 rer
872 2481 957 2539 venit
972 2477 1012 2541 ad
1027 2476 1110 2542 idem
1124 2478 1242 2567 fignurn
1258 2483 1337 2545 dies.

339 2589 442 2655 Primo
455 2611 537 2651 anno
555 2610 636 2650 unus
653 2588 756 2669 menfis
776 2585 816 2650 ad
830 2586 957 2652 leonem
968 2587 1159 2674 pertinebit,
1182 2591 1215 2649 δι
1231 2611 1337 2650 annus

343 2696 445 2763 leonis
457 2720 521 2761 non
534 2696 589 2760 nist
601 2697 758 2758 duodecim
771 2698 865 2756 annis
883 2698 1004 2757 exaHis
1019 2695 1140 2760 redibit.
1153 2695 1226 2760 Haec
1240 2695 1337 2781 plana

325 2806 495 2873 uidentur.
521 2803 581 2868 Sed
604 2803 685 2867 dixit
710 2801 997 2885 Maniliummense
1016 2805 1081 2865 dies
1098 2805 1219 2887 semel?
1240 2804 1339 2869 Diffi-

342 2913 497 2978 cultatem
513 2913 733 2999 proponimust
755 2908 899 2987 solvant,
922 2910 1032 2999 quibus
1058 2909 1100 2976 est
1125 2912 1224 2976 acrior
1245 2911 1338 3001 quim

342 3020 433 3085 uobis
458 3021 507 3085 vis
527 3020 655 3107 ingenii,
677 3020 758 3109 Legi
778 3014 900 3083 forraffe
927 3015 1042 3104 poffet3
1065 3021 1163 3103 mense
1183 3020 1248 3082 dies
1271 3041 1338 3100 ter,

342 3152 479 3193 aturrus
504 3132 537 3191 in
562 3149 644 3190 anno
669 3128 783 3209 menfis.
810 3125 973 3192 Manilium
996 3125 1037 3193 ad
1062 3126 1195 3191 nostrum
1219 3127 1337 3196 sensum

343 3237 425 3305 solus
449 3242 664 3324 interpretatus
685 3237 726 3301 est
743 3234 879 3300 Michadl
893 3229 1025 3321 ¹Fayus,
1048 3234 1123 3300 nihil
1147 3236 1312 3315 immutans
1324 3287 1338 3319 ,

341 3346 397 3420 sed
416 3346 457 3430 fic
475 3346 680 3438 distinguens:
698 3349 735 3410 V
731 3348 792 3407 enit
811 3349 911 3411 omnis
928 3345 973 3407 ad
982 3346 1094 3429 astrum
1108 3349 1184 3409 hora
1201 3349 1249 3409 die
1267 3352 1337 3425 bis,

343 3455 441 3533 mense
462 3455 551 3531 dies,
569 3456 666 3535 semel
685 3477 766 3517 unus
785 3457 818 3516 in
840 3476 923 3516 anno
947 3454 1065 3535 menfis.
1081 3451 1153 3516 Esto
1181 3451 1247 3538 post
1268 3458 1337 3519 dies

344 3560 498 3637 subaudiri
515 3562 603 3647 poffir
619 3565 666 3624 bis
685 3584 727 3627 ex
746 3580 900 3629 commate
920 3560 1122 3645 precedenti,
1136 3561 1209 3647 quia
1229 3585 1339 3632 revera

346 3667 498 3739 inmense
516 3668 581 3736 dies
597 3670 693 3737 modo
713 3670 777 3744 bis,
792 3652 891 3736 'modo
911 3688 958 3733 ter
972 3666 1051 3733 redit
1073 3667 1114 3732 ad
1131 3666 1259 3737 astrum:
1283 3669 1339 3737 sed

345 3778 447 3865 primo
468 3777 570 3845 mense
592 3796 638 3843 ter
660 3777 702 3843 ad
724 3775 832 3842 astrum
858 3773 1066 3861 horoscopans
1085 3774 1183 3850 redit5
1206 3780 1239 3841 81
1259 3800 1337 3866 prae·

342 3898 433 3968 terea
454 3885 599 3984 Manilius
623 3883 706 3977 apud
731 3886 853 3986 Fayum
877 3880 1101 3994 rationabiliter
1111 3881 1249 3993 ¹'quidem
1261 3933 1273 3969 ,
1303 3905 1338 3955 at
