3375 5059
467 649 493 717 4
649 622 1276 711 Lat,·Asartortora1ouns

468 799 649 876 Includive
668 798 726 874 suai
746 797 910 899 potuill'et
931 802 1090 899 Iuppiter
1112 822 1213 876 arcet

388 945 440 1022 30
463 950 596 1051 Captus
618 953 653 1024 St
674 948 695 1023 al
715 950 824 1046 captis
849 952 942 1024 orbis
965 950 1078 1024 lorett
1096 952 1175 1051 igne
1199 949 1336 1050 sepulto

460 1099 695 1186 Vulneribus,
719 1098 826 1173 vilior
844 1096 1020 1196 repetisset
1039 1100 1178 1171 Mucius
1198 1096 1353 1174 urbemi

460 1237 563 1357 Solus
582 1248 616 1319 δι
636 1244 802 1344 opposrtis
820 1244 985 1320 clausisset
1010 1247 1175 1320 Horatius
1194 1250 1296 1319 armis

459 1395 607 1469 Pontem
626 1396 821 1490 urbemque
837 1393 962 1488 fimuli
977 1396 1115 1494 rupisset
1132 1367 1264 1469 foedera
1286 1393 1408 1496 virgo?

458 1530 617 1643 Tresque
636 1544 698 1619 sub
717 1547 815 1617 unius
838 1546 957 1619 fratres
976 1548 1101 1621 virtute
1120 1545 1306 1647 jacerent?

381 1712 404 1796 3
406 1711 431 1788 5
457 1694 565 1796 Nulla
586 1696 677 1771 acies
699 1696 831 1769 tantum
851 1697 956 1788 vicit3
980 1693 1159 1793 pendebat
1178 1694 1222 1767 ab
1242 1718 1315 1766 uno
1440 1781 1443 1788 .

455 1803 574 1919 Numa
597 1846 698 1942 viro,
719 1868 936 1945 regnumque
958 1842 1052 1916 orbis
1074 1841 1190 1916 sortita
1215 1842 1366 1941 jacebat.

456 2086 506 2180 illa
525 2085 654 2147 nonnulli
672 2084 830 2169 intelligunt
851 2084 887 2145 de
908 2082 1049 2147 canalibus
1065 2081 1234 2166 hydraulicis
1249 2101 1296 2147 aut
1311 2085 1461 2168 aquaeduea

455 2198 537 2261 tibur.
559 2200 699 2262 Nonnulli
717 2219 773 2262 rec.
799 2200 855 2261 hab
863 2214 912 2260 ent
926 2200 1076 2281 fulmina·
1103 2198 1193 2260 Huet.
1216 2200 1287 2282 legit
1311 2201 1462 2285 ‹luxiffettt

449 2314 609 2397 fulmina,
629 2320 656 2377 &
675 2336 726 2394 per
737 2318 876 2399 fialmina
902 2314 1040 2396 fignatum
1057 2329 1137 2392 putat
1156 2312 1210 2375 elle
1232 2313 1338 2383 Jovem
1358 2316 1460 2396 iplitm.

399 2457 402 2464 ·
457 2427 567 2491 Eadem
588 2430 626 2491 eli
649 2431 732 2494 ledia
754 2429 875 2493 Bentleii
886 2479 898 2509 ,
915 2453 1034 2513 eamque
1049 2431 1118 2493 dicit
1144 2431 1180 2493 de
1197 2434 1295 2508 Numa
1324 2441 1353 2495 &
1381 2432 1460 2503 Jove

459 2536 550 2606 Elicio
573 2545 776 2626 accipiendam.
794 2543 904 2610 Vertlm
914 2574 927 2625 ,·
943 2547 989 2610 1⁰.
1004 2547 1122 2609 Sabinus
1137 2565 1218 2625 erat,
1240 2570 1297 2610 non
1314 2549 1460 2610 Romanus

459 2657 568 2727 Numa.
590 2663 636 2724 2⁰.
652 2660 743 2724 Nobis
760 2660 870 2725 videtur
890 2662 970 2725 altitls
989 2661 1113 2726 arcelsrta
1130 2662 1227 2725 relatio
1245 2685 1309 2725 eam
1328 2661 1399 2728 inter
1412 2664 1461 2733 fat

458 2755 558 2836 balam
577 2783 605 2839 &
626 2778 713 2841 uerba
738 2775 858 2839 Manilii.
877 2777 925 2839 Sc.
951 2776 1020 2861 legit
1035 2779 1187 2861 auxiffenr
1205 2781 1339 2842 culmina
1364 2784 1392 2840 &
1407 2780 1461 2852 inJ,

462 2904 628 2969 terpretatur
641 2911 692 2969 per
710 2877 861 2972 quamdam
874 2891 1033 2972 Hyperbati
1047 2892 1192 2972 speciem,
1208 2896 1359 2978 auxrffinr
1374 2918 1460 2958 mona

462 3025 509 3069 tes
531 2999 727 3087 Capitolinos
748 3012 780 3068 in
801 3011 945 3072 culmina.
965 3008 1027 3070 Nos
1042 3008 1190 3071 lettionem
1205 3009 1342 3093 Scaligeri
1355 3008 1459 3070 admit·

462 3120 547 3182 timus
564 3127 590 3183 &
609 3119 863 3201 interpretationem
882 3119 1100 3242 BarthiihAdv.
1124 3119 1251 3201 XVIII,
1271 3143 1331 3203 1²3.
1355 3129 1382 3186 &
1406 3144 1459 3203 pet

464 3240 605 3319 pallorum
625 3237 749 3300 culmina
766 3236 947 3321 intelligimus
965 3235 1087 3326 tuguria..
1374 3221 1376 3228 ¹

505 3370 549 3435 V.
571 3391 619 3450 30.
642 3370 677 3433 B.
698 3368 853 3454 distmguit,
873 3373 954 3433 orbis
965 3370 1048 3452 foret
1065 3373 1135 3456 igne
1142 3371 1266 3453 sepulto
1281 3381 1295 3430 3
1310 3375 1337 3431 δι
1349 3369 1409 3434 haeo
1423 3372 1460 3436 de

465 3482 564 3546 Fauno
572 3529 582 3556 ,
591 3484 660 3546 Pico
672 3527 683 3557 ,
695 3484 809 3560 Numa,
825 3483 927 3566 Egeria
937 3483 1077 3566 nympha,
1087 3490 1140 3546 &a
1154 3483 1356 3565 interpretatur.
1368 3486 1459 3551 Miror
1474 3461 1476 3466 Ι

466 3600 536 3661 tales
552 3599 668 3679 ineptias
684 3598 713 3660 in
730 3597 800 3660 tanti
813 3597 866 3660 viri
883 3600 1008 3660 mentem
1024 3597 1164 3678 irrepfiffe.
1399 3672 1401 3676 ι

507 3712 550 3777 V·
572 3735 620 3791 31.
636 3713 763 3775 Barthius
779 3720 806 3776 &
823 3712 870 3774 alii
887 3714 1001 3797 legunt,
1020 3718 1160 3791 vulnere,
1179 3719 1228 3777 bis
1245 3714 1341 3779 viaor.
1359 3714 1456 3795 Vicit,

466 3826 517 3889 ³1⁰.
529 3826 669 3907 seipsum,
692 3828 835 3890 dexteram
851 3826 929 3890 suam
946 3828 975 3890 in
991 3829 1059 3893 foco
1072 3803 1198 3899 torrensr
1219 3828 1268 3898 2⁰.
1286 3829 1457 3911 Porseoam,

464 3963 535 4007 eum
552 3943 588 4008 ad
601 3941 724 4006 Romam
741 3940 881 4006 obsrdione
901 3943 1063 4010 solvendam
1082 3937 1211 4026 adigens.¹
