3375 5059
401 692 466 746 102
589 665 684 740 Les
720 664 1209 752 Asrnononrqure

397 838 632 937 Mortaiesque
649 840 734 939 sugit
758 839 868 929 visus,
892 842 928 912 δε
949 845 1089 940 pedona
1106 842 1239 916 nostra:

396 993 478 1066 Nec
503 988 666 1089 prodesse
684 983 797 1089 potes}
809 1043 821 1080 ,
835 988 934 1087 qubd
953 990 1027 1063 faris
1049 992 1168 1065 cunda
1188 1009 1377 1091 reguntur,¹

297 1135 372 1235 865
397 1140 492 1215 Cirm·
511 1137 618 1209 fatum
638 1130 731 1209 nulli
751 1134 858 1233 posirt·
871 1135 1006 1210 rarione
1030 1136 1155 1212 videri.

267 1253 272 1265 ’
393 1286 495 1393 Quid·
513 1290 608 1385 juvat
633 1285 668 1356 in
689 1281 799 1357 semet
818 1280 957 1381 suaper
977 1282 1135 1376 convicia
1161 1282 1242 1354 ferri
1252 1289 1273 1398 ἰΙ
1316 1270 1319 1278 ’

391 1434 441 1513 Et
461 1434 619 1509 fraudare
643 1433 767 1520 benis,
788 1447 870 1529 quae
890 1450 956 1514 nec
978 1432 1064 1506 deus
1081 1432 1214 1509 invidet
1230 1430 1333 1529 ipse?
1357 1432 1361 1440 ’

392 1582 564 1685 Quosque
586 1581 684 1657 dedit
702 1602 845 1672 natura,
869 1579 992 1656 oculos
1019 1583 1200 1687 deponere
1218 1581 1368 1658 mentis?

393 1731 619 1831 Perspicimus
644 1727 798 1804 coelum:
822 1755 883 1803 cur
900 1757 974 1807 non
999 1731 1047 1805 est
1066 1755 1210 1806 munere
1235 1728 1320 1804 coeli

295 1877 370 1978 '870
394 1879 506 1977 Inque
524 1877 619 1976 ipsos
640 1880 777 1977 penitus
799 1880 924 1951 mundi
946 1880 1159 1956 descendere
1179 1878 1319 1967 census,

392 2019 657 2122 seminibusque
678 2024 743 2098 suis
764 2047 894 2100 tantam
914 2050 1133 2124 ¹componere
1156 2023 1314 2115 molem,

394 2176 441 2254 Et
458 2189 595 2273 partum
616 2174 698 2248 coeli
721 2173 779 2247 sua
803 2198 867 2273 per
886 2174 1022 2248 nutritia
1044 2170 1160 2263 serre,
1251 2184 1254 2187 ’

394 2320 669 2420 Extremumque
693 2321 788 2419 sequi
812 2343 1175 2421 pontum‚.terraeque
1195 2321 1308 2399 subire

300 2484 301 2489 ’
345 2468 348 2478 ’
393 2473 578 2546 Pendentis
598 2473 741 2558 tradus,
763 2472 799 2542 dr
823 2492 900 2545 toto
919 2472 1037 2547 vivere
1057 2473 1093 2542 in
1113 2474 1224 2546 orbe?

297 2618 370 2717 '875
395 2619 474 2693 Jam
496 2614 664 2714 nusquam
691 2640 811 2692 natura
833 2618 935 2711 latet3
955 2618 1166 2717 pervidimus
1186 2644 1352 2710 omnem,

297 2800 301 2808 ·
394 2770 442 2845 Et
461 2789 566 2867 capto
584 2769 738 2866 potimur
761 2768 917 2858 mund0‚
933 2768 1154 2866 nostrumque
1171 2792 1352 2869 parentem

394 2918 473 2990 Pars
492 2914 551 3012 suu
566 2914 814 3015 perspicimus,
833 2900 1227 3018 genitique'accedimus
1246 2919 1350 2990 astris.

431 3158 494 3218 Post
509 3180 538 3223 v.
557 3164 613 3229 869
632 3158 661 3219 in
681 3158 727 3219 Sc.
745 3111 803 3218 ¹uel.
822 3178 852 3217 v.
868 3164 943 3233 874,
960 3159 990 3218 in
1011 3158 1070 3218 aliis
1089 3155 1207 3236 reperire
1222 3157 1260 3219 est
1275 3154 1316 3223 V.
1336 3157 1385 3220 se-

392 3286 546 3353 quentem,
564 3292 650 3351 quern
670 3269 810 3332 omisimus
827 3266 843 3329 d
865 3268 900 3330 B.
920 3269 1115 3350 proscriptum.

473 3402 573 3466 Quanta
586 3415 613 3452 ar
628 3408 637 3459 (
644 3403 685 3453 vel
701 3402 741 3461 ἃ)
756 3416 810 3467 pars
823 3401 926 3466 superest
938 3401 1061 3453 rationem
1075 3400 1169 3453 discere
1181 3401 1267 3454 noeis.
1322 3413 1326 3444 ¹.
1385 3464 1390 3475 ⁹

430 3518 518 3600 Quefi
534 3517 566 3579 sit
579 3517 651 3581 illud
666 3514 778 3594 difficile
795 3514 946 3600 magnique
957 3499 1230 3582 faciendum'rhanc
1248 3519 1383 3603 rationein

392 3629 450 3716 iam
465 3634 537 3694 iibro
555 3635 589 3706 1,
607 3629 741 3712 Manilius
761 3630 937 3710 exposuerat·

429 3744 470 3810 V.
495 3753 564 3821 875.
581 3737 615 3810 Bss
632 3750 809 3831 pervifimus
831 3770 925 3811 omne.

430 3858 472 3925 V.
495 3867 563 3933 877·
575 3862 609 3927 Β.
619 3868 722 3951 Stirps
732 3866 790 3930 sua.
801 3864 960 3931 Hominem
974 3862 1027 3931 effe
1038 3878 1145 3949 panem
1155 3862 1252 3929 mundi
1261 3830 1308 3928 seu
1319 3865 1380 3945 dei,

387 3972 510 4041 murina
529 3976 641 4047 Manilii
660 3980 708 4050 est.
