3375 5059
413 675 479 749 250
636 652 733 722 Lus
777 648 1166 731 Prr'riuotrt'rurs

409 822 606 920 Delphinus
628 829 721 921 jacet
741 826 838 899 haud
865 829 973 901 nimio
1000 806 1149 904 lustratu’
1173 833 1310 924 nitore;

313 982 387 1063 335
407 974 539 1048 'Praeter
566 970 810 1071 quadruplices
833 973 944 1048 stellas
964 976 1000 1048 in
1022 976 1138 1054 sronte
1159 978 1313 1072 locatas,

412 1124 509 1215 Quas
526 1119 743 1199 intervallum
767 1124 865 1197 binas
887 1124 1097 1200 disterminat
1120 1153 1253 1207 unum:
1308 1194 1310 1199 .

297 1274 300 1279 ’
414 1266 542 1343 Cetera
563 1294 644 1370 pars
662 1268 770 1366 latet,
788 1297 830 1347 ac
850 1275 946 1347 tenui
966 1300 1048 1347 eum
1073 1274 1203 1351 lumine
1224 1276 1339 1377 serpit.

348 1431 372 1470 ³
462 1418 538 1496 Illae
564 1444 644 1517 quae
665 1420 798 1521 fulgent
818 1421 915 1497 luces
931 1402 1117 1522 splendore
1135 1426 1307 1518 corusco,

326 1568 329 1575 ’
415 1569 501 1645 Sunt
520 1566 609 1641 inter
628 1592 741 1665 partes
756 1569 888 1672 gelidas
907 1569 1071 1669 aquilone
1090 1571 1241 1661 locatae,

220 1716 223 1734 '
318 1720 394 1805 340
417 1714 540 1813 Atque
557 1716 646 1789 inter
672 1716 820 1814 spatium
845 1721 881 1793 8(
898 1717 969 1794 laeti
987 1716 1124 1821 vestigia
1147 1718 1240 1797 solis.

415 1862 468 1941 At
485 1887 563 1959 pars
584 1863 726 1937 inferior
742 1870 814 1965 jam
838 1866 1077 1963 pertraslanda
1105 1866 1244 1943 videtur
1363 1894 1371 1905 ’

416 2009 513 2086 Inter
533 2010 616 2123 solis
638 2012 728 2103 iter,
748 2012 846 2088 fimul
861 2016 950 2089 inter
968 2015 1104 2086 flamina
1126 2016 1239 2102 venti,

325 2199 327 2206 ·
417 2144 557 2241 viribus
577 2163 726 2261 erumpit
746 2162 815 2260 qut
836 2161 962 2236 summi
984 2160 1115 2260 sputus
1129 2160 1246 2233 aunt.

467 2309 603 2384 Exinde
630 2313 765 2396 Orion,
786 2311 933 2411 obliquo
953 2335 1104 2410 corpore
1127 2310 1262 2397 uitem,

323 2464 396 2546 345
412 2457 587 2534 'Inseriora
606 2479 700 2533 tenet
722 2458 905 2532 truculenti
927 2464 1076 2557 corpora
1095 2435 1195 2530 tauri.

419 2610 536 2701 Quem
558 2609 640 2703 qui,
662 2605 844 2703 suspiciens
863 2607 899 2679 in
918 2605 1048 2679 coelum
1070 2607 1171 2680 noste
1189 2602 1334 2694 sereni,

262 2788 310 2832 n
421 2757 509 2833 Late
531 2753 719 2854 dispersum
739 2781 809 2829 non
827 2756 953 2831 viderit
965 2811 976 2846 ‚
996 2755 1091 2827 haud
1112 2756 1160 2830 ita
1183 2753 1272 2831 veri)

423 2907 553 2985 Cetera
573 2905 609 2979 se
632 2905 747 3005 speret
771 2906 984 3007 cognoscere
1010 2906 1100 3010 figna
1120 2902 1267 3007 potesse.

472 3055 638 3152 Namque
662 3056 773 3154 pedes
798 3056 916 3130 subter
937 3040 1041 3130 rutilo
1064 3081 1144 3130 cum
1167 3053 1297 3127 lumine
1313 3020 1422 3123 oleret
1451 3084 1454 3090 ·

325 3208 373 3289 35
375 3210 399 3263 0
422 3194 590 3278 Fervidus'
609 3200 668 3275 ille
695 3202 785 3275 canis
808 3202 979 3278 stellarum
995 3203 1078 3277 luce
1097 3165 1280 3300 refulgens.

423 3354 531 3428 Hunc
551 3350 635 3452 tegit
657 3350 822 3425 obscurus
842 3351 959 3428 subter
977 3346 1169 3449 praecordia
1192 3366 1343 3422 venter:

450 3589 504 3668 ¹V.
527 3610 594 3686 338.
619 3583 678 3666 Pro
692 3606 871 3688 splendore,
898 3622 993 3663 omnes
1013 3599 1119 3661 habent
1139 3622 1177 3663 ex
1205 3620 1276 3665 ore,
1299 3592 1424 3674 delphini

249 3789 251 3792 v
380 3775 388 3788 ,
433 3717 549 3781 scilicet.
632 3720 634 3727 ’
665 3789 668 3795 ι
892 3734 895 3738 ·

467 3830 516 3903 Vn
533 3852 599 3911 34¹·
621 3830 676 3892 Pro
699 3836 767 3915 jam
792 3834 1029 3916 perrrossondcr,
1051 3853 1148 3892 ornnes
1166 3830 1270 3889 habent
1292 3824 1426 3908 delphini

420 3946 529 4029 first-a.
557 3945 641 4010 Grot.
652 3948 740 4030 fuso.
762 3948 860 4012 Lestio
876 3948 991 4033 vulgara
1008 3948 1039 4011 in
1057 3946 1099 4010 his
1113 3946 1219 4007 duobus
1236 3941 1358 4006 retibus
1376 3940 1426 4000 ab·
