3375 5059
430 593 498 702 {38
611 571 734 680 Nora
755 632 793 675 rs
816 603 990 676 Annona
1014 609 1241 675 Crcsnorrrs.

428 789 451 821 a
469 755 712 845 splendidiores,
734 758 766 821 8(
786 753 826 819 ad
844 752 991 843 trianguli
1006 752 1106 819 stellas
1122 752 1350 841 propemodum
1369 748 1429 822 ac'·

425 898 448 930 ω
463 870 599 943 cedunt,
621 886 655 933 ur
671 866 711 932 ab
727 863 789 930 illis
806 886 870 930 non
886 861 1016 939 mulnim
1029 862 1215 951 superentur.
1229 868 1318 931 Bene
1331 868 1428 933 etiam

426 1008 449 1038 a
463 977 631 1064 conspicua
649 976 690 1042 est
710 975 809 1053 stella,
832 999 897 1065 quae
914 976 946 1038 in
965 974 1169 1040 anterioribus
1187 972 1229 1039 est
1251 977 1353 1042 arietis
1367 1000 1426 1064 pe·
1477 1035 1484 1054 ,

425 1117 449 1147 ω
464 1088 553 1153 dibus
571 1118 602 1151 υ.
629 1088 679 1151 Sic
700 1086 915 1172 Hipparchus,
934 1074 1052 1149 summi¹
1072 1084 1132 1148 fide
1155 1082 1253 1177 latine
1278 1084 1422 1154 redditus.

318 1199 322 1206 ’
424 1197 551 1284 insuper
571 1197 714 1285 Hyginus
736 1195 855 1259 Astron.
876 1195 962 1259 Po‘e't.
985 1195 1005 1259 1.
1030 1197 1076 1270 ll,
1102 1192 1207 1259 scribit
1232 1197 1421 1265 Mercurium

423 1304 513 1392 supra
530 1324 625 1392 eaput
638 1305 742 1371 arietis
756 1304 901 1370 deltoton
913 1300 1041 1369 statuisse
1052 1352 1072 1382 ,ι
1083 1323 1116 1368 ut
1130 1302 1299 1370 obscuritas
1318 1307 1424 1373 arietis

423 1416 570 1504 trianguli
588 1414 749 1501 splendore
765 1437 828 1503 quo
849 1413 923 1478 loco
939 1411 1013 1479 esset
1031 1413 1425 1507 fignificaretur.··0ptimus

416 1525 624 1592 astronomus
639 1544 704 1589 erat
718 1524 914 1611 Hipparchus
927 1551 935 1587 ε
951 1546 1051 1613 neque
1065 1544 1171 1590 tamen
1185 1546 1255 1589 curn
1266 1523 1426 1592 hodierno

422 1634 510 1702 coelo
532 1634 729 1700 consentiunt
750 1634 875 1724 quade
896 1634 943 1700 his
966 1634 1059 1701 slellis
1080 1632 1242 1701 disseruere
1268 1655 1333 1699 turn
1356 1633 1424 1722 ipse

422 1743 644 1831 Hipparchus,
668 1764 732 1808 tum
756 1744 851 1809 eriam
879 1744 1033 1833 Hyginus.
1061 1743 1265 1832 Andromedae
1292 1743 1424 1833 cingulo

333 1881 339 1905 ¹
421 1877 486 1921 non
510 1852 650 1943 indigere
670 1854 770 1921 stellas
789 1856 916 1931 arietis,
938 1875 971 1921 ut
993 1856 1075 1921 bene
1102 1851 1347 1945 distinguantur,
1368 1857 1424 1921 in-

421 1962 551 2029 dubium
575 1962 639 2044 este
665 1961 738 2039 sed,
767 1962 809 2027 1⁰.
827 1963 870 2027 est
894 1964 926 2027 in
950 1963 1155 2029 Andromedae
1181 1956 1309 2053 cingulo
1335 1962 1424 2031 stella

421 2070 514 2138 stellis
528 2070 637 2135 arietis
656 2072 800 2136 omnibus
820 2070 962 2136 lucidior.
987 2068 1033 2142 2'0.
1052 2073 1165 2136 Arietis
1187 2094 1304 2138 cornua
1326 2076 1425 2153 triane

420 2179 486 2271 guli
503 2177 602 2243 stellas
619 2201 728 2245 omnes
743 2178 905 2266 splendore
927 2161 1079 2266 superant.
1102 2178 1146 2261 3⁰.
1161 2184 1197 2245 ln
1214 2169 1425 2249 anterioribus

419 2287 524 2353 arietis
549 2287 679 2372 pedibus
697 2287 781 2352 nulla
804 2310 888 2352 nunc
908 2287 1033 2354 videtur
1058 2287 1168 2366 stella,
1189 2289 1244 2353 nisr
1264 2284 1351 2357 ¹sorte
1371 2290 1423 2355 di·

422 2396 509 2464 catur
525 2397 698 2483 Hipparchi
720 2416 863 2483 tempore
880 2398 925 2476 ¹acl
946 2398 1045 2483 ipsum
1067 2400 1129 2465 ceti
1148 2417 1243 2483 caput
1260 2397 1332 2463 illos
1349 2407 1433 2485 peri

421 2504 544 2595 tigisse,
569 2504 654 2594 quod
678 2526 742 2568 non
767 2504 862 2570 facile
889 2505 1081 2572 crediderim.
1108 2507 1295 2572 Dicemusne
1309 2554 1320 2583 ,
1348 2528 1422 2573 ver·

422 2614 560 2683 tentibus
577 2613 665 2678 annis
679 2662 690 2690 ,
703 2612 803 2679 stellas
818 2612 888 2677 illas
901 2611 995 2678 alicui
1010 2612 1141 2703 fulgoris
1157 2617 1353 2681 incremento
1367 2615 1423 2684 vel

422 2723 624 2788 decremento
656 2718 857 2805 subjacuisse?
888 2721 963 2787 Alia
992 2720 1134 2788 similium
1171 2725 1423 2795 immutationum

419 2823 571 2917 ¹exempla
592 2851 762 2920 congerere
786 2852 851 2894 non
876 2817 951 2896 esset
970 2830 1141 2917 operosum.
1185 2883 1188 2887 .

429 3055 432 3062 '
470 3047 511 3110 V.
537 3069 597 3127 311
622 3052 653 3113 δι
673 3048 734 3138 seq.
758 3048 846 3112 Dicit
866 3053 1002 3114 Aratus:
1027 3076 1049 3104 ee
1063 3053 1106 3113 At
1124 3049 1202 3116 verb
1222 3047 1420 3148 menseprev

425 3185 450 3217 a>
465 3158 614 3234 cedente,
633 3158 709 3221 mari
727 3156 825 3221 multa
841 3155 958 3244 pallus,
977 3159 1104 3245 quando
1121 3159 1165 3224 sol
1181 3183 1288 3250 arcum
1300 3168 1339 3250 Ι,δι
1356 3186 1422 3230 rec·

366 3270 369 3276 “
426 3296 450 3328 ω
463 3261 671 3331 torem'arcrls
691 3257 860 3343 incendit,
873 3265 925 3331 sub
946 3272 1107 3353 vesperam
1127 3273 1424 3364 navemreducssito,

427 3406 452 3437 a,
466 3398 529 3440 non
544 3355 675 3461 ampliris
693 3374 791 3453 sidens
808 3375 948 3449 nostiam
964 3359 1064 3465 neque
1079 3378 1306 3472 quid‘quaprel‘i
1319 3384 1424 3469 aliud,

429 3486 515 3576 quod
528 3482 657 3549 versum'
672 3505 708 3565 31
716 3503 734 3569 5
755 3482 845 3548 nobis
860 3482 1071 3568 representare
1087 3489 1184 3574 possit.
1206 3489 1288 3555 Hinc‘
1302 3492 1423 3559 versum

424 3595 518 3660 ‚illurn
537 3595 615 3666 varii
636 3593 724 3659 varie
746 3593 862 3683 legunt.
879 3594 1032 3660 Veteres:
1051 3590 1135 3659 Nom
1149 3602 1226 3682 jam.
1240 3604 1305 3663 edri
1318 3606 1424 3665 minus
1471 3604 1473 3610 ’

423 3709 577 3789 exiguo,
591 3708 642 3770 &c
651 3753 663 3785 ,
686 3728 817 3795 epmque
833 3729 888 3792 per
904 3704 1073 3791 fimplicem
1094 3695 1425 3799 claudrint'virgulam.

429 3813 517 3879 Alii:
538 3818 621 3876 Nam
637 3819 709 3897 jam
733 3840 796 3879 rum
814 3821 914 3879 minus
930 3864 939 3893 ,
958 3821 1019 3881 &c
1039 3818 1155 3904 pundio
1176 3822 1207 3883 in
1232 3820 1293 3885 fine
1308 3820 1422 3889 'versds

422 3921 595 4007 appofitos
616 3928 649 3993 δε
662 3924 703 4005 fic
722 3928 920 4008 Patricius&
933 3929 1068 3994 Grotius.
1090 3929 1155 3995 Alii
1166 3931 1324 4024 deniquet
1340 3938 1422 4001 Nan
