3375 5059
378 676 419 723 ιο
556 650 646 723 Les
682 649 1177 737 Asrnouonrqurrs

373 824 638 923 cedentemque
659 827 736 902 viro
757 826 955 911 flammam,
974 850 1053 931 quae
1066 828 1200 928 templa
1214 826 1368 950 ferebpt!

371 975 472 1068 Quot
482 974 603 1051 subitae
623 977 765 1054 veniunt
782 974 977 1053 validorum
993 978 1030 1050 in
1044 1004 1196 1078 corpora
1210 945 1361 1063 mortes-3

297 1119 348 1194 70
372 1122 490 1219 Seque
504 1122 588 1221 ipsae
609 1123 720 1198 rursus
742 1124 899 1225 fugiunt,
921 1149 1104 1226 errantque
1120 1154 1183 1227 per
1203 1130 1323 1229 ignes?

370 1271 425 1345 Ex
441 1270 518 1369 ipfis
540 1240 683 1369 quidum
706 1274 785 1349 elati
807 1275 943 1349 rediere
961 1274 1175 1373 sepulchris:

367 1418 493 1515 ‘Atque
510 1420 564 1490 his
587 1422 657 1493 vita
675 1420 824 1518 duplex,
846 1421 910 1493 illis
927 1424 987 1495 -vix'
1009 1424 1154 1523 contigit
1176 1446 1257 1502 una.

370 1566 467 1641 Ecce
486 1565 571 1643 levis
593 1568 733 1665 perimit
761 1570 925 1655 morbus,
947 1571 1154 1667 graviorque
1172 1570 1341 1644 remittite

371 1715 609 1791 Succumbunt
632 1740 738 1803 artes,
761 1719 901 1789 rationis
925 1718 1071 1789 vincitur
1094 1716 1197 1804 usus,

200 1944 205 1955 ,
299 1870 351 1952 (75
379 1864 473 1956 Cura
495 1887 620 1952 nocer,
640 1863 767 1939 ceffare
786 1873 908 1965 jurat3
931 1892 1027 1941 mora
1048 1867 1141 1966 saepe
1161 1865 1332 1940 malorum

372 2014 446 2089 Dat
464 2012 602 2087 causas:
619 2012 820 2111 laeduntque
839 2018 931 2098 cibi,
955 2036 1172 2113 parcuntque
1196 2037 1344 2089 venenu.
1402 2109 1405 2114 .

266 2153 271 2164 ’
371 2130 600 2265 Degenerem
620 2167 689 2239 nuti
713 2168 885 2264 parribus,
908 2169 1119 2261 vincuntque
1142 2185 1327 2263 parentes,

373 2282 628 2414 Ingeniumque
649 2313 748 2385 suum
768 2317 926 2388 retinent.
947 2315 1150 2411 Transrtque
1166 2338 1229 2412 per
1253 2310 1373 2401 illum,

374 2461 429 2532 Ex
446 2458 508 2533 illo
521 2460 665 2532 «fortuna
692 2460 797 2535 venit.
814 2460 908 2531 Furit
930 2460 1017 2531 alter
1038 2483 1183 2545 amore,

303 2606 352 2680 80
368 2591 422 2696 JEt
443 2630 591 2706 pontum
618 2631 750 2683 tranare
770 2609 901 2707 potest,
920 2610 954 2680 8<
974 2629 1109 2682 vertere
1130 2604 1312 2701 Trojam:

375 2756 531 2833 Alterius
554 2756 625 2830 sors
646 2755 693 2829 est
707 2754 902 2830 scribendis
924 2752 1058 2853 legibus
1077 2775 1169 2848 apta.
1252 2823 1255 2827 .

375 2905 472 2978 Ecce
486 2927 621 3002 putrem
640 2906 710 2977 nati
731 2871 904 3002 perimunt
922 2956 932 2990 ‚
949 2900 1116 2997 natosque
1132 2920 1290 2996 parentes
1299 2924 1315 2990 ς

292 3064 295 3072 “
376 3050 568 3145 Mutuaque
588 3055 707 3123 armati
731 3073 860 3124 coeunt
883 3053 917 3124 in
936 3049 1079 3124 vulnera
1097 3018 1232 3117 fratres.

327 3190 328 3193 ¹
376 3198 464 3273 Non
477 3199 658 3270 hominum
669 3197 740 3267 hoc
752 3194 858 3267 scelus
869 3197 1113 3295 est300guntur
1123 3213 1215 3265 tanta
1225 3194 1376 3280 moveri,

283 3357 289 3368 ·
383 3343 1376 3373 ...-.................------—---

418 3424 459 3488 V.
480 3430 528 3487 68.
554 3422 736 3498 Lestionem5
752 3445 823 3504 quoe
833 3419 938 3496 templa
956 3417 1080 3493 ferebat,
1095 3416 1153 3498 jam
1173 3432 1237 3477 ante
1252 3415 1287 3477 Β.
1308 3436 1376 3495 pru·

379 3540 509 3621 posuerat
524 3536 651 3598 Barthius
669 3534 744 3597 Adv.
763 3532 880 3595 XVIII.
904 3554 950 3592 ιι.
1166 3532 1169 3538 ’

418 3654 463 3718 V.
481 3676 530 3727 70.
541 3653 575 3716 B.
585 3676 639 3735 per
649 3671 756 3711 omnes.
774 3646 900 3710 Barthius
916 3646 1010 3721 ibid„
1029 3656 1202 3729 errantque?
1214 3645 1277 3705 Per
1285 3646 1376 3730 ignes

376 3736 427 3833 ‘ex
445 3766 525 3847 ipfir,
544 3775 597 3832 &u
616 3788 673 3828 non
691 3760 776 3830 mule.

427 3852 467 3949 V.
486 3891 534 3957 84.
555 3882 717 3970 Coguntur
737 3904 826 3946 tanta
847 3881 976 3954 moveri,
997 3870 1126 3933 homines
1142 3869 1254 3933 scilicet„
1269 3870 1376 3951 Helleg

385 4001 489 4065 nisrnus
509 4001 556 4065 est.
575 4000 701 4081 Quidam
719 4000 836 4081 legunt,
862 4010 995 4060 moveret
1014 3986 1104 4050 minus
1124 3989 1276 4073 eleganter.
