3375 5059
393 610 459 687 318
555 607 660 673 Nora
684 628 822 671 cestren
848 630 879 675 nt
904 612 1043 676 Mintur
1065 634 1235 689 textum·

357 753 359 760 '
391 749 518 816 barbare
542 750 675 839 loquens
701 750 855 820 inducitur
870 777 881 827 ς
915 753 933 821 ὲ
961 754 1093 823 vocibus
1108 759 1206 841 semel
1234 764 1268 827 ἃ
1299 760 1393 825 unis

388 854 542 927 redundat
565 862 719 927 alterutra.
1303 883 1305 888 ·
1389 886 1392 890 ·

397 1092 405 1101 ,
432 1020 473 1084 V.
493 1040 571 1104 541.
592 1024 726 1082 Exuliis
747 1024 869 1106 bissex
883 1024 955 1106 jam
969 1028 1092 1106 solibus
1112 1050 1226 1094 annus.
1247 1031 1307 1091 Bis
1315 1030 1383 1109 sese

379 1132 527 1218 fidibus,
545 1130 576 1195 id
595 1128 655 1203 est,
675 1130 840 1197 duodecim
862 1136 975 1214 annis,
994 1155 1027 1200 ut
1047 1159 1087 1201 ex
1105 1157 1181 1203 nota
1181 1137 1389 1223 praecedenti,

381 1238 578 1306 manifestum
591 1235 640 1300 est.
655 1235 772 1302 Solium
785 1243 913 1305 nomine
927 1242 1046 1308 menses
1057 1244 1206 1334 delignari
1218 1269 1281 1310 non
1294 1242 1383 1331 polle

383 1323 497 1424 nobis,
519 1346 603 1436 atque
624 1368 662 1411 ac
681 1346 848 1424 Bentleio,
868 1350 1037 1430 persuasum
1062 1353 1111 1418 est
1139 1351 1184 1416 Ea
1204 1377 1286 1419 voce
1312 1354 1382 1418 dies

381 1454 458 1540 l'aepe
480 1454 661 1543 figmficari,
681 1474 805 1539 propter
828 1456 970 1522 diurnum
993 1479 1193 1545 apparentem
1211 1460 1283 1526 solis
1307 1484 1381 1525 mo·

377 1584 468 1645 rum,
486 1565 598 1649 pariter
617 1563 829 1630 concedimus.
852 1567 911 1633 Sed
930 1568 1003 1634 licut
1027 1590 1151 1656 propter
1166 1589 1282 1635 motum
1296 1568 1381 1636 lunae

381 1672 564 1766 menstruum
580 1673 689 1738 meniis
703 1680 780 1737 luna
796 1674 1038 1758 sapevocatur,
1055 1702 1107 1743 cur
1123 1682 1254 1764 pariter,
1271 1674 1381 1743 habiti

381 1786 502 1849 ratione
523 1781 593 1846 solis
615 1775 715 1846 motuis
734 1784 855 1859 annui,
877 1782 984 1849 solium
1005 1788 1131 1853 nomine
1151 1790 1225 1851 anni
1242 1808 1306 1851 non
1321 1807 1379 1851 ve·

379 1893 497 1967 nitent,
509 1889 636 1957 minime
647 1889 853 1977 perspicimus.
866 1894 949 1958 Tota
963 1892 1096 1959 Bentleii
1110 1897 1142 1958 in
1158 1895 1241 1960 hunc
1254 1894 1379 1960 versum

381 2019 458 2094 nota
471 1998 547 2063 nihil
560 1998 644 2063 aliud
658 1995 786 2084 probat,
798 1996 851 2059 uili
863 2002 976 2074 virum,
990 2002 1233 2085 perspicacillimi
1249 2001 1378 2067 aliunde

378 2109 516 2199 ingenii,
534 2108 626 2174 nostri
642 2108 741 2193 poite
762 2126 898 2173 mentem
915 2102 965 2172 hic
983 2127 1047 2171 non
1066 2106 1126 2174 else
1143 2108 1275 2175 feliciter
1296 2108 1378 2177 alle·

379 2238 495 2284 tutum.
534 2236 538 2255 ¹

384 2390 395 2401 ·
419 2373 461 2437 V.
480 2387 556 2455 575.
572 2374 683 2454 Lustra
703 2374 764 2434 duo
781 2373 923 2433 tribuent.
943 2370 1005 2433 Hic
1020 2369 1217 2455 reperiendos
1236 2369 1296 2438 effe
1316 2373 1376 2440 de·

376 2502 447 2545 cem
470 2496 592 2553 annos,
613 2479 645 2539 in
660 2476 799 2542 confelio
814 2480 856 2541 est
871 2477 953 2560 apud
968 2469 1099 2551 omnes}
1119 2484 1151 2544 &
1172 2503 1281 2547 omnes
1299 2503 1376 2549 ante

375 2586 552 2655 Bentleium
577 2584 741 2675 legerant,
772 2588 869 2667 lustra
892 2588 990 2646 decem
1014 2590 1155 2652 tribuen't.
1180 2590 1287 2656 Lustra
1310 2592 1373 2657 ali.

375 2696 503 2788 quando
524 2713 583 2780 pro
610 2692 840 2780 olympiadibus
867 2710 1001 2777 accepta
1027 2716 1090 2759 non
1117 2696 1305 2776 diffitemur,
1329 2700 1371 2767 de

375 2804 563 2891 fimplicibus
590 2804 679 2868 annis
702 2801 785 2868 dieta
805 2803 946 2888 nuspiam
967 2804 1144 2888 reperimus.
1171 2808 1255 2870 Nam
1284 2808 1370 2898 quod

375 2918 421 2981 dir
440 2913 606 2980 Stoeberus
629 2908 721 2975 lustra
741 2932 798 2996 pro
821 2911 911 2974 annis
935 2907 994 2975 elie
1015 2908 1034 2974 l
1052 2912 1187 3001 Virgilio
1209 2918 1372 2983 nominata

372 3028 444 3091 AErr.
467 3026 496 3099 l,
516 3026 593 3104 287.
615 3023 728 3083 Veniet
742 3021 847 3101 lustris
862 3022 1035 3082 lubentibus
1051 3042 1148 3098 cetus,
1166 3024 1240 3111 quia
1257 3047 1370 3111 nempe

374 3136 479 3198 AEneae
505 3125 697 3214 temporibus
728 3124 817 3190 lulira
846 3126 984 3191 nondum
1013 3147 1100 3194 erant
1121 3131 1280 3207 conditas
1307 3134 1371 3200 hoe

374 3240 472 3330 ipsum
494 3232 647 3311 retulille,
673 3231 813 3299 refellilie
836 3234 887 3301 est.

333 3379 336 3385 ’
380 3382 459 3448 ‘.V
479 3390 557 3447 621.
573 3380 740 3460 Parvaque
760 3378 864 3458 receffic
882 3378 1024 3458 dssruit.
1035 3377 1118 3455 Quid
1134 3378 1180 3443 est
1195 3405 1301 3464 parvo
1321 3403 1368 3452 rea
1410 3358 1412 3360 .

373 3488 478 3559 sellu?
494 3493 537 3557 ait
556 3488 591 3554 B.
605 3484 698 3561 Est,
691 3485 860 3571 inquimus,
876 3507 980 3567 parua
969 3485 1139 3551 “dierum
1132 3492 1366 3559 imminutionet

372 3601 559 3674 &revera,
583 3592 646 3659 sole
676 3615 820 3661 cancrum
851 3612 1060 3677 permeante,
1084 3596 1149 3662 dies
1171 3617 1278 3705 parum
1301 3602 1365 3663 mi··

372 3728 525 3782 nuuntur‚
548 3702 707 3791 prasertim
728 3700 781 3766 sub
804 3702 899 3767 Cnidi
918 3702 1102 3781 horizonte,
1125 3705 1165 3769 ad
1185 3728 1273 3795 quem
1294 3705 1365 3772 suos

323 3820 325 3827 ’
372 3838 482 3911 omnes
500 3835 643 3882 numeros
666 3814 792 3901 exige.e
814 3810 892 3877 solet
911 3796 1066 3881 Manilius.
1089 3816 1226 3901 Reponit
1251 3819 1293 3882 Β.
1302 3829 1365 3923 plt-

345 3908 347 3911 ,
372 3930 482 4014 titique
498 3922 606 4008 receffu
615 3965 628 4003 ,
645 3923 678 3988 &
694 3921 797 3991 addit:
815 3922 933 3989 Ponit
924 3924 1016 4011 igitur
1033 3922 1217 4035 solstitium
1207 3943 1240 3991 rn
1260 3908 1363 3994 medid
