3375 5059
406 668 450 749 36
586 655 680 728 Las
716 658 1194 751 Asanouourqttas

406 832 498 906 Cum
521 834 623 907 certis
649 832 778 909 sociant
798 836 896 937 fignis
920 837 982 914 sub
1003 842 1154 939 partibus
1176 841 1312 940 aequis,-

403 981 449 1057 Et
468 981 564 1057 velut
584 980 736 1081 hospitio
761 986 882 1061 mundi
903 990 1112 1063 commercia
1131 996 1303 1091 jungunt,

301 1136 375 1260 {95
400 1129 680 1229 Conceduntque
698 1130 773 1205 suas
790 1156 904 1232 partes
925 1136 1148 1211 retinentibus
1169 1140 1272 1211 nstris.

319 1283 323 1290 '
398 1284 515 1375 Quam
537 1301 671 1379 partem
688 1280 862 1357 decimam
880 1282 997 1357 dixere
1017 1282 1161 1357 decania
1178 1308 1299 1385 gentes

398 1415 437 1492 A
460 1436 608 1488 numero
627 1437 757 1488 nomen
774 1412 922 1512 positum
941 1414 988 1488 est
1003 1470 1014 1500 ,
1027 1414 1124 1511 qubd
1144 1417 1297 1514 partibus
1310 1418 1395 1493 astra

400 1562 555 1637 Condita
572 1564 709 1638 tricenis
729 1560 854 1662 triplici
874 1561 936 1637 sub
955 1562 1047 1662 sorte
1070 1565 1225 1640 feruntur
1236 1621 1250 1662 ,

397 1710 445 1785 Et
467 1710 620 1784 ttibmmt
644 1711 749 1785 denas
772 1713 809 1785 in
833 1710 870 1787 se
892 1712 1098 1788 coeuntibus
1115 1713 1228 1804 astris,

297 1868 371 1946 300
394 1855 507 1956 Inque
529 1860 645 1935 vicem
669 1860 771 1932 ternis
794 1860 990 1932 habitantur
1008 1856 1135 1959 singula
1154 1858 1266 1962 [igniti

393 1992 453 2085 Sic
475 2005 550 2081 altis
575 2026 695 2079 natura
718 2019 833 2079 manet
850 2002 1016 2101 consepta
1037 2005 1214 2094 tenebris,

363 2216 371 2232 .
394 2154 441 2228 Et
461 2178 583 2229 verum
600 2149 637 2227 in
653 2175 752 2252 caece
771 2152 819 2226 est
835 2205 844 2235 ,
859 2150 1036 2250 multaque
1058 2151 1241 2251 ambagine
1259 2175 1392 2229 rerunt.

394 2302 476 2374 Nec
491 2301 605 2374 brevis
629 2302 676 2373 est
696 2301 796 2388 usus,
818 2328 885 2377 nec
907 2324 997 2377 amat
1019 2303 1231 2400 compendia
1248 2301 1393 2384 coelum.-

395 2448 530 2525 Veriim
551 2446 623 2520 aliis
641 2447 705 2520 alia
725 2447 884 2547 oppofita
904 2450 976 2541 est,
1001 2451 1037 2521 ἃ
1060 2447 1146 2522 fallit
1172 2451 1315 2552 imag0,

299 2606 372 2686 305
397 2593 632 2691 Mentiturque
652 2592 726 2667 suas
750 2595 865 2685 vires,
886 2598 921 2669 ἃ
945 2598 1060 2669 munia
1081 2594 1195 2686 celat,

434 2839 475 2903 V.
493 2861 561 2920 293.
578 2842 612 2901 B.
626 2840 761 2922 sortibus
780 2861 832 2921 pro
844 2843 1000 2924 parribus.

396 2968 399 2976 ’
435 2954 477 3015 V.
501 2963 569 3025 296·
589 2956 631 3016 Ita
649 2953 697 3019 Se.
714 2955 794 3038 eujus
810 2956 959 3018 lectionem
972 2954 1139 3034 retinemus,
1152 2976 1210 3018 non
1226 2975 1394 3023 oecurrente

396 3068 524 3134 meliore.
543 3067 661 3131 Veteres
681 3069 775 3146 stripti
790 3091 841 3147 pro
860 3073 1004 3134 decimam
1023 3070 1127 3132 habent
1144 3074 1254 3134 decane
1272 3075 1319 3135 vel
1335 3077 1392 3137 dea

297 3259 299 3264 Ι
398 3206 519 3269 ganoe5
539 3181 621 3258 editi,
645 3185 776 3245 decima.
801 3182 950 3267 Salmatius
976 3186 1127 3262 emendat3
1155 3188 1255 3267 Quam
1273 3209 1392 3268 partem

330 3365 336 3374 ,
403 3300 510 3362 Graia
527 3298 668 3362 dixerunt
682 3300 814 3360 decaron
832 3320 950 3384 gentes.
978 3298 1018 3359 At
1037 3321 1094 3361 non
1112 3300 1149 3361 fic
1171 3300 1233 3361 fittis
1252 3300 1393 3382 feliciter;

402 3418 430 3476 &
448 3428 577 3493 praeterea
593 3432 649 3494 qua
666 3411 844 3475 audoritatet
860 3414 935 3477 Vide
953 3413 995 3479 H.
1012 3414 1045 3477 B.
1073 3418 1265 3498 Quapropter
1285 3419 1397 3481 Graiae

301 3594 304 3602 ,
402 3533 504 3597 dixere
532 3533 659 3596 decania
681 3554 797 3619 gentes.
829 3530 885 3594 Sed
916 3529 958 3592 1⁰.
987 3530 1046 3591 baec
1076 3529 1094 3591 ὲ
1121 3531 1259 3595 veteribus
1280 3531 1393 3616 longiits

405 3647 544 3708 aberrant.
565 3642 616 3709 2⁰ss
631 3649 698 3711 vox
722 3649 851 3710 decania
877 3664 934 3705 non
961 3645 998 3705 esi
1023 3642 1133 3710 Graeca.
1156 3647 1201 3724 3⁰.
1232 3645 1263 3706 Si
1290 3645 1393 3711 Graeca

404 3759 491 3836 esset,
508 3760 657 3823 secundant
675 3763 810 3845 i‘yllabatn
825 3762 984 3842 corriperet.
1004 3765 1076 3826 Non
1095 3763 1211 3843 poffirm
1233 3782 1317 3843 opem
1338 3764 1394 3844 afr

398 3880 503 3963 ferre,
521 3875 610 3957 inquit
626 3877 753 3961 Scaliger
778 3879 807 3940 in
829 3880 906 3942 hune
929 3879 1018 3959 ipsum
1044 3880 1163 3954 iocum,
1185 3897 1270 3957 quem
1292 3877 1394 3961 depra-

404 4009 503 4094 vatum
516 3992 693 4079 pronuntiata
712 3994 789 4063 idem
802 3996 893 4065 murt
909 3992 1011 4087 potiori
1024 3992 1086 4080 jure
1103 3991 1229 4058 dicimus.
