3375 5059
432 671 478 739 '¹4
622 648 1228 734 LEsAsruortortrQuEt

432 823 606 921 Denique,
620 823 658 921 fi
675 852 741 898 nou
763 822 808 925 est
816 879 829 917 ,
840 826 917 921 fati
935 853 994 898 cur
1008 829 1154 899 traditur
1176 819 1284 899 ordo?

437 973 624 1067 Candaqur
638 975 837 1067 temporibus
857 976 954 1044 certis
971 997 1111 1046 ventura
1132 978 1328 1044 canuntur?

481 1117 563 1192 Nec
573 1138 689 1191 tamen
705 1120 783 1193 haec
794 1121 881 1193 ratio
893 1120 1022 1193 facinus
1037 1122 1226 1194 defendere
1243 1116 1382 1219 pergit,

430 1245 650 1374 Virtutemve
665 1263 731 1339 suis
748 1266 906 1340 fraudare
924 1268 959 1340 in
981 1267 1123 1365 praetnia
1143 1267 1256 1340 donis.

339 1414 411 1469 ¹¹0
431 1412 526 1485 Nam
537 1438 652 1510 neque
665 1414 1040 1512 mortiferasquisquam
1048 1415 1153 1514 magis
1161 1413 1270 1486 ederit
1282 1411 1427 1499 herbas,

430 1562 540 1658 Qudd
565 1588 637 1636 non
663 1563 803 1652 arbitrio
826 1565 989 1651 veniunt,
1014 1561 1075 1636 sed
1095 1560 1226 1636 semine
1249 1580 1372 1633 certo:

432 1713 550 1785 Gratia
570 1737 636 1785 nec
657 1707 768 1785 levior
791 1708 959 1784 tribuetur
981 1709 1140 1784 dulcibus
1160 1708 1266 1795 escis,

432 1858 542 1951 Qubd
563 1881 682 1932 natura
704 1859 801 1933 dedit
820 1860 957 1959 fruges,
978 1885 1050 1933 non
1073 1856 1143 1931 ulla
1162 1856 1335 1934 voluntas.

431 2006 489 2080 Sic
511 2007 692 2081 hominum
711 2006 840 2114 meriti?
863 2005 958 2079 tantd
974 2004 1013 2079 stt
1033 2003 1144 2105 gloria
1165 2010 1300 2101 major,

300 2150 302 2153 ’
335 2175 377 2230 tt
383 2174 408 2249 5
433 2154 542 2248 Qudd
562 2151 656 2226 coelo
673 2154 844 2255 gaudente
863 2153 979 2228 venit:
998 2150 1176 2247 rursusque
1199 2173 1367 2225 nocenter

431 2299 619 2376 Oderimus
640 2305 768 2402 magis,
793 2304 829 2374 in
856 2300 994 2399 culpam
1017 2299 1206 2399 poenasque
1229 2279 1376 2373 creatos.

431 2447 512 2520 Nec
526 2446 628 2519 refert
647 2446 755 2520 scelus
774 2448 868 2520 unde
887 2448 1010 2533 cadat,
1028 2444 1135 2517 scelus
1150 2444 1216 2518 effe
1231 2446 1424 2520 fatendum.
1451 2516 1454 2521 .

432 2598 517 2668 Hoc
532 2620 674 2692 quoque
694 2592 794 2668 fatale
814 2593 883 2682 est,
899 2594 944 2666 fic
962 2592 1075 2689 ipsum
1089 2594 1289 2689 expendere
1304 2592 1427 2667 fatum.

404 2723 412 2793 s
431 2743 541 2838 Quod
561 2744 724 2840 quoniam
743 2743 872 2828 docui,
893 2741 1042 2840 superest
1068 2767 1160 2813 nunc
1185 2743 1306 2817 ordine
1326 2765 1428 2817 certo

337 2913 408 2967 120
431 2886 597 2961 Coelestes
618 2866 785 2964 'fabricare
805 2887 950 2990 gradus,
968 2888 1028 2982 qui
1052 2888 1181 2959 ducere
1200 2889 1293 2961 redo

429 3037 586 3111 Tramite
609 3038 818 3133 prudentem
837 3034 973 3109 valeant
995 3035 1040 3107 ad
1061 3034 1168 3106 fidera
1188 3057 1316 3115 vatem.

436 3215 439 3222 ¹
477 3185 585 3256 Nunc
599 3179 844 3279 tibifignorum
858 3202 974 3250 mores
983 3231 994 3265 ,
1009 3177 1249 3276 summumque
1265 3176 1423 3258 colorem

473 3459 511 3520 V.
534 3464 590 3516 106
600 3501 610 3530 ,
642 3475 708 3525 107.
729 3452 771 3514 Hi
794 3453 849 3530 duo
865 3453 959 3516 versus
978 3456 994 3512 ἰι
1020 3454 1097 3515 mala
1112 3473 1198 3514 manu
1224 3454 1285 3517 sunt
1296 3501 1308 3531 ,
1331 3456 1368 3517 ait
1389 3458 1425 3519 B.

473 3571 513 3633 V.
535 3588 600 3651 113.
620 3569 654 3631 B.
677 3590 734 3629 non
754 3570 853 3651 nostra
869 3568 1006 3631 voluntas.

472 3685 513 3750 V.
530 3708 595 3759 1¹4·
606 3673 641 3749 B.
650 3689 758 3771 gratia
767 3684 866 3767 major.
887 3683 991 3746 Malim
1000 3690 1105 3773 gloria
1118 3734 1129 3763 ,
1141 3685 1215 3767 quod
1232 3683 1357 3745 omnium
1375 3688 1425 3751 essz

473 3798 517 3862 V.
536 3820 589 3872 119
605 3847 614 3876 ,
637 3822 711 3875 120,
737 3821 802 3863 121.
822 3796 886 3876 Hos
899 3817 952 3860 tres
964 3800 1130 3884 adulterinos
1144 3796 1197 3859 effe
1209 3798 1242 3861 B.
1258 3797 1402 3865 existunut.

472 3914 515 3981 V.
533 3935 598 3976 120.
616 3912 708 3999 Vulg.
719 3919 807 3998 flexo
825 3936 876 3995 pro
895 3917 980 3996 tetre.
