3375 5059
424 669 496 765 '328
593 684 699 747 Noun
723 704 861 748 carricu
885 703 917 747 ιιι
941 684 1079 748 Marum
1102 693 1249 748 τηιιιιι.

428 819 521 911 longo
540 848 599 910 per
622 828 728 909 cursus
751 829 883 910 premia
902 830 991 889 circo.
1018 811 1114 890 Vetus
1135 825 1218 889 enim
1238 820 1336 890 lediio
1354 816 1421 894 este

413 939 522 999 'Nunc
549 937 656 998 Ιίιιι
643 959 676 997 m
697 942 791 1022 longo
813 957 870 1022 per
894 936 999 1020 cursus
1018 928 1151 1021 promia
1173 937 1265 996 circo.
1288 931 1420 994 Veteres
1447 984 1450 1002 ‚

428 1060 532 1109 tamen
556 1043 631 1108 editi
646 1044 764 1124 habent
782 1046 938 1129 percuffias
959 1067 1017 1187 pro
1035 1068 1094 1129 per
1115 1067 1153 1106 cu
1156 1044 1257 1127 rfirs.¹

470 1232 512 1301 V
539 1253 610 1309 ιιι
628 1234 729 1294 Pacis
751 1234 830 1293 bellu
785 1227 1002 1316 lprobunt,
1019 1230 1103 1297 bella
1121 1253 1234 1317 nempe
1257 1250 1322 1319 que
1338 1244 1418 1293 tem·

426 1362 503 1428 pore
525 1342 610 1426 pacis
634 1362 836 1415 exercentur,
862 1339 913 1406 seu
931 1339 1096 1407 seditiones
1106 1342 1229 1423 ‚prb
1255 1343 1345 1414 860,
1362 1335 1419 1417 fic·

428 1470 501 1511 nero
515 1451 619 1534 pacis.
645 1448 726 1513 Vide
750 1461 858 1514 noram
881 1449 913 1513 in
935 1448 1018 1515 hunc
1040 1448 1172 1516 versum.

420 1663 431 1708 '-
468 1622 509 1685 V.
536 1639 609 1705 154.
636 1593 852 1705 Hobira1⁸fub
872 1626 993 1706 pedore
1021 1644 1101 1717 neco
1130 1619 1281 1712 Ambitio.
1310 1616 1445 1713 eredit,

424 1730 522 1795 diuet.
537 1725 588 1794 hio
601 1730 780 1794 ambitionis
795 1731 921 1795 nomine
937 1729 1100 1818 significari
1117 1718 1256 1794 indolem
1273 1725 1313 1792 ad
1330 1747 1417 1801 amo·

428 1853 658 1923 temptorum,
675 1858 738 1925 quo
757 1835 842 1903 sensu
861 1837 1000 1904 Damalis
1022 1838 1063 1902 ab
1080 1837 1212 1901 Horatio
1233 1839 1338 1902 Carni.
1352 1832 1373 1899 l.
1385 1833 1419 1909 l,

427 1943 480 2011 od.
502 1953 560 2024 36,
576 1965 638 2019 20,
657 1944 767 2009 dicitur
787 1946 933 2028 Lascivis
951 1946 1068 2009 hederis
1089 1943 1287 2027 ambitiosior.

471 2117 513 2181 V.
534 2139 605 2203 174.
625 2117 820 2201 Consurgunt
831 2104 967 2203 jugula.
985 2113 1102 2205 Jugulae
1120 2115 1204 2201 apud
1219 2136 1330 2208 ornnes
1348 2113 1421 2188 suut

426 2225 528 2290 Orion
550 2224 604 2291 vel
626 2247 696 2312 pars
719 2226 980 2292 OrionisVerrit
995 2244 1100 2291 tamen
1118 2224 1268 2293 Firmicus
1291 2226 1418 2305 asellos,

425 2334 545 2400 Verum
568 2330 657 2400 aselli
687 2354 751 2397 non
777 2332 885 2398 sonti
913 2352 999 2419 parte
1020 2332 1132 2400 sinislra
1156 2334 1285 2408 cancri,
1309 2320 1418 2397 sedin

426 2441 493 2524 ipso
512 2440 617 2504 medio
639 2460 764 2502 cancro.
781 2438 859 2501 Nec·
872 2440 967 2503 refert
987 2441 1072 2529 quod
1089 2443 1160 2505 cum
1177 2439 1301 2513 decimo
1317 2438 1418 2529 arietis

426 2547 524 2637 gradu
546 2541 728 2635 surgentem
745 2545 865 2608 Oriona
887 2544 1000 2610 dixerit
1027 2546 1175 2611 Manilius
1203 2570 1237 2613 v.
1264 2565 1320 2632 57.
1350 2546 1417 2612 mic

426 2657 534 2731 enim,
561 2672 595 2720 ut
617 2654 648 2717 in
668 2649 736 2716 aliis
758 2650 840 2716 b‘ene
862 2650 990 2728 multis,
1016 2648 1108 2717 falsus
1131 2650 1174 2719 en
1186 2676 1196 2727 3
1220 2650 1325 2719 seculo
1346 2654 1416 2719 Μι-

353 2773 356 2780 ’
422 2763 581 2853 uillicum
600 2763 703 2850 primis
719 2782 823 2825 canen
814 2759 984 2849 gradibus
1001 2761 1143 2849 proxime
1129 2759 1312 2828 oriebatur
1324 2764 1418 2827 Orio·

427 2875 476 2939 nis
498 2873 639 2949 balteus,
652 2890 685 2937 ut
704 2869 786 2937 teile
807 2870 887 2937 dixit
905 2875 1035 2956 Arateis,
1057 2890 1098 2935 ea
1112 2869 1152 2935 de
1171 2891 1215 2936 re
1220 2869 1262 2936 ab
1279 2870 1418 3032 Hippoi

429 2979 491 3060 cho
513 3001 578 3050 non
599 2979 771 3089 castigatus.

474 3155 514 3219 V.
537 3159 607 3230 189.
628 3155 739 3237 Cepiffe
751 3153 893 3231 ferorum
909 3119 1176 3233 diversusfacies.
1194 3151 1418 3229 Quiscredat,

424 3263 475 3330 ait
494 3268 530 3328 B.
557 3282 610 3326 aut
633 3262 738 3326 saltem
760 3264 827 3351 quis
848 3260 927 3344 serat
942 3255 1083 3341 ferorum
1104 3251 1143 3325 de
1171 3259 1306 3346 piscibus
1331 3261 1415 3327 dici?

429 3374 586 3461 cyprinos
597 3416 607 3447 ,
626 3367 774 3444 haleces,
794 3368 916 3455 ejusqne
936 3369 1021 3448 modi
1042 3368 1138 3453 pisces
1152 3368 1245 3447 feras
1268 3370 1331 3435 dici
1355 3391 1417 3436 non

430 3480 515 3571 polle
531 3479 746 3544 concedimus:
761 3498 813 3541 cur
829 3476 950 3561 ploce,
963 3474 1119 3561 pistrices,
1135 3497 1224 3552 cere,
1239 3480 1417 3569 marinaque

430 3591 578 3666 monstra,
592 3587 629 3653 de
643 3588 751 3676 quibus
763 3581 812 3650 hic
827 3587 946 3677 agitur,
952 3585 1034 3664 fetae
1047 3586 1156 3652 vocari
1167 3606 1342 3677 nequeant,
1352 3607 1416 3653 uon

430 3696 640 3787 perspicimus.
665 3695 817 3760 Pislricem
837 3694 919 3775 [σιω
948 3692 1087 3780 epitheto
1119 3694 1219 3761 donar
1243 3696 1356 3763 Cicero
1383 3694 1417 3762 in

430 3812 518 3873 Arar.
540 3828 573 3884 v.
597 3809 673 3890 665.
693 3803 773 3868 Vide
794 3800 880 3888 sopri
903 3823 975 3891 pag.
998 3818 1064 3888 245
1093 3821 1210 3891 uotam.
1258 3885 1260 3890 ,

453 3978 512 4063 nl.
525 3945 573 4048 ai
574 3999 607 4061 9.
622 3974 729 4071 Atque
746 3994 834 4043 arno
844 3972 997 4054 ferorum.
1010 3972 1079 4045 Post
1091 3947 1200 4047 leones
1213 3978 1246 4050 dc
1258 3975 1326 4071 epti
1339 3973 1417 4050 deu·
