3375 5059
678 654 981 716 ”Libani
1068 696 1070 700 -
1154 641 1160 650 ⁸
1254 660 1344 732 '2'99

335 780 467 856 ³'deinde
495 810 658 881 generaret
682 794 839 859 animalia.
869 795 982 857 Mirum
1005 788 1124 856 hanc
1113 814 1130 853 a
1159 808 1246 854 tanto
1274 794 1346 858 viro
1450 876 1454 889 „

351 900 549 984 propostam
559 903 766 983 objediionem
782 901 891 993 ,quast
909 900 1044 969 vinculis
1062 898 1122 963 illis
1137 901 1346 997 grammaticis

338 991 448 1072 -teneri
473 1008 514 1075 se
521 1012 673 1075 Musarum
691 1012 798 1102 lingua
813 1031 975 1098 pateretur.
995 1007 1090 1075 Instar
1110 1008 1344 1086 sexcentorum,

336 1139 416 1205 ·quae
433 1119 472 1182 ad
492 1142 615 1185 manum
632 1120 750 1198 essent,
769 1122 830 1187 ell'o
849 1122 923 1188 satis
931 1123 1004 1189 hoc
1009 1116 1217 1206 exemplum
1201 1142 1220 1182 e
1234 1115 1345 1204 Virgil.

337 1228 420 1288 ·AEn.
446 1228 508 1304 Vl,
530 1238 606 1315 567.
631 1234 741 1333 Agitur
764 1232 802 1298 de
824 1230 1091 1308 Rhadamantho,
1100 1227 1200 1315 apud
1226 1222 1343 1291 inferes

349 1330 460 1400 udice.

347 1354 356 1415 J
482 1441 652 1511 Castigatque,
668 1440 786 1510 auditque
803 1442 895 1503 dolos,
912 1441 1048 1510 subigitque
1061 1440 1151 1493 fateri.

393 1556 527 1646 Virgilio
550 1559 630 1625 forti:
652 1561 754 1626 dicam
779 1555 927 1647 scripserit
947 1565 982 1625 B
1004 1559 1118 1648 qubd'
1110 1556 1342 1647 integerrimum

346 1662 439 1727 nobis
454 1667 602 1733 exhibeat
615 1668 767 1755 judicem
783 1668 890 1746 dolos,
908 1665 1081 1757 priusquam
1100 1667 1253 1785 audierit,
1272 1661 1342 1742 calb

346 1771 509 1859 rigantem.

335 1987 360 2010 ι.
390 1941 448 2012 V.
457 1955 510 2042 16.
535 1955 619 2038 Quis
641 1956 721 2015 enim
739 1949 937 2017 cbndentibus
960 1956 1037 2016 illis.
1064 1954 1269 2013 Condenribus
1287 1969 1342 2016 ac-

347 2053 478 2139 cipimus
505 2080 561 2145 pro
591 2064 866 2143 abscondentibus,
897 2081 930 2124 ut
958 2060 1032 2124 alihs
1058 2059 1141 2143 apud
1166 2055 1341 2122 Manilium.

325 2147 409 2224 'Sed
434 2164 493 2252 hoc
517 2168 655 2252 ineptum
671 2216 680 2243 ‚
699 2172 743 2231 ait
766 2173 801 2231 B.
825 2188 889 2230 non
913 2168 994 2231 enim
1015 2162 1208 2228 abscondunt
1229 2162 1340 2248 superi.

344 2269 517 2366 Paternum·
539 2272 590 2339 sed
610 2274 631 2338 st
653 2274 900 2350 absconderent,
917 2275 962 2338 ait
976 2273 1144 2350 Manilius,
1163 2275 1230 2361 quis
1248 2296 1341 2337 mun·

340 2376 422 2442 dum
442 2375 541 2463 pollet
563 2378 776 2470 cognoscere,
798 2380 979 2466 subripere,
1007 2379 1125 2446 furari?
1149 2381 1258 2448 Sensus
1284 2380 1339 2472 ille

339 2506 447 2575 neque
470 2489 593 2575 ineptus
617 2489 679 2568 est,
699 2512 801 2581 neque
823 2490 929 2577 inepte
949 2490 967 2558 it
984 2489 1115 2558 Manilio
1142 2487 1333 2577 expressus..

337 2638 348 2654 μ
388 2661 428 2724 V.
451 2664 502 2725 86.
520 2664 604 2724 Fecit
621 2662 648 2723 δ’
668 2665 787 2747 ignotis
810 2666 870 2724 iter
889 2666 923 2724 in
949 2660 1128 2724 eom'merciu
1154 2664 1253 2723 terris.
1275 2657 1341 2725 Less

344 2769 479 2857 gebatur
495 2768 587 2860 olim,
603 2774 893 2854 itinerpcommercio.
911 2770 1043 2835 Castum
1061 2768 1137 2833 illud
1153 2772 1245 2830 itiner
1262 2770 1340 2832 cxu‘-

343 2867 413 2942 'lare
426 2923 437 2952 ,
465 2873 625 2963 preeunte
648 2878 834 2960 Gronovio,
859 2878 936 2962 jussit
961 2879 999 2940 B.
1024 2874 1114 2939 solius
1137 2874 1251 2940 Veneti
1275 2871 1340 2944 mff.

345 2984 529 3049 auctoritate
549 2982 665 3069 fretus:
691 2984 762 3049 huic
785 2984 859 3048 addi
886 2980 984 3069 potell
1004 2982 1169 3047 audloritas
1190 2984 1340 3050 Romane

345 3093 513 3166 editionis,
534 3093 565 3157 in
584 3116 661 3183 qua,
684 3092 757 3160 teste
775 3093 889 3171 Junio,
903 3092 1016 3181 legitur
1033 3095 1092 3154 iter
1108 3092 1135 3152 ἃ
1149 3096 1339 3198 comenia.

391 3251 431 3313 V.
460 3254 531 3316 168.
556 3254 696 3314 Pltoebus
718 3240 766 3314 ¹od
788 3254 937 3333 occasum.
968 3251 1018 3314 sic
1045 3250 1145 3339 arguit
1169 3248 1338 3314 Manilius:

346 3360 444 3421 Terra
457 3360 489 3421 in
502 3360 605 3425 medio
620 3360 759 3447 pendet:
777 3361 916 3449 alioquin
934 3358 978 3424 sol
996 3359 1129 3426 interdiu
1147 3358 1187 3421 ab
1207 3373 1278 3421 ortu
1296 3355 1342 3419 aa

347 3469 487 3549 occasum
500 3488 562 3531 non
577 3491 774 3555 properaret,
786 3476 818 3536 &
832 3470 927 3535 11οᾶ11
939 3492 1001 3533 non
1012 3484 1162 3533 remcaret
1174 3463 1214 3529 ad
1223 3480 1340 3534 ,orntmu

344 3576 511 3659 Optimum
530 3576 613 3640 certi
636 3600 693 3663 pto
716 3581 864 3663 temporis
886 3577 967 3641 illius
991 3572 1188 3659 Philosophia
1212 3570 1341 3642 tatioci

344 3687 453 3749 nium:
475 3682 644 3749 lestionem
668 3707 742 3773 ergo
766 3704 905 3751 veterem
923 3683 1034 3748 metito
1059 3682 1249 3748 retinuimus.

392 3840 431 3903 V.
457 3862 542 3924 217,
563 3843 638 3905 218.
662 3842 742 3924 Post
762 3843 858 3902 medio
876 3797 1015 3922 subje‘lio
1029 3844 1128 3924 polo,
1148 3842 1209 3904 &n
1227 3829 1339 3905 Versu&
1435 3800 1437 3802 >

347 3946 405 4014 hos
424 3946 500 4015 duos
519 3948 634 4038 spurios
653 3950 714 4017 δι”
705 3949 829 4039 ineptos
849 3968 1028 4037 pronuntiat
1044 3951 1080 4015 Β
1097 3951 1262 4035 Subjella,
1280 3929 1337 4014 ih'·
