3375 5059
438 613 502 675 342
605 595 729 661 Noun
755 613 793 655 ru
818 593 992 655 Anni-nn
1018 594 1246 660 Crcnnorrrt.

432 767 456 800 »a
471 755 503 802 ut
514 732 641 823 quidam
654 733 784 809 volunt,
798 730 944 817 scorpius.
959 731 1083 796 Plautus
1093 733 1126 796 in
1138 730 1241 797 cafina
1251 754 1261 798 τ
1273 732 1432 800 llecelsrm

429 844 576 908 »cedam
599 843 640 908 ad
666 844 816 929 parietem
828 885 840 917 ,
864 839 1010 916 imitabor
1035 862 1149 927 nepam
1164 871 1198 905 a.
1227 842 1314 907 Dato
1338 840 1430 932 quod

427 974 515 1037 nepae
535 945 662 1016 n'omine
688 971 835 1014 cancrum
860 947 948 1013 multi
973 948 1225 1037 designaverint,
1255 974 1297 1017 ex
1318 931 1430 1017 eorum
1469 1001 1473 1012 ,

428 1061 513 1128 certe
530 1084 659 1128 numero
680 1058 738 1126 fuit
756 1061 891 1141 Cicero,
905 1060 958 1147 qui
977 1082 1016 1125 eo
1031 1057 1192 1125 vocabulo
1209 1057 1362 1149 scorpium
1376 1063 1430 1125 in-

428 1172 623 1261 telligebant.
649 1168 731 1235 Vide
754 1193 788 1233 v.
810 1190 879 1246 90,
898 1174 988 1249 428,
1010 1175 1095 1253 528,
1118 1187 1204 1254 574,
1225 1174 1286 1237 &o
1309 1173 1344 1236 ln
1367 1170 1428 1237 suis

424 1283 555 1347 'Aramis
573 1282 678 1346 cancri
691 1280 768 1344 sidus
780 1280 1029 1357 cancrinomine
1045 1278 1164 1366 semper
1177 1278 1250 1344 aliis
1263 1279 1427 1369 fignificat.

340 1411 346 1424 ·
425 1393 512 1457 Num
532 1389 681 1456 credibile
696 1389 738 1455 est
754 1386 852 1476 ipffim
870 1388 932 1456 hoc
946 1412 1010 1455 uno
1027 1387 1149 1456 tantdm
1168 1391 1200 1455 in
1215 1389 1290 1453 loco
1305 1388 1428 1479 signum

425 1497 510 1564 idem
530 1496 659 1564 voluisse
677 1498 837 1586 defignare
854 1522 941 1583 nepoe
953 1500 1115 1566 vocabulo
1124 1546 1135 1578 ,
1156 1520 1219 1587 quo
1237 1498 1338 1563 onies
1351 1497 1429 1563 aliis

425 1605 494 1672 usus
510 1606 552 1673 est
568 1607 610 1679 ad
620 1607 856 1696 significandum
877 1606 1030 1695 scorpium
1043 1623 1054 1672 ἑ
1068 1609 1230 1674 Vetabant
1241 1606 1327 1697 leges
1341 1605 1430 1693 pers·

425 1718 594 1803 picuitatis.
607 1722 755 1783 Praeterea
769 1718 922 1785 credimus
935 1714 1007 1793 hic,
1022 1736 1057 1781 ut
1071 1721 1103 1783 δι
1117 1718 1149 1781 in
1164 1717 1232 1784 aliis
1248 1715 1431 1794 nonnullis,

424 1823 535 1890 falsum
555 1823 614 1892 elle
631 1828 815 1911 Pompeium
836 1826 968 1893 Festum.
982 1828 1078 1912 Nepa
1091 1823 1229 1912 scorpius
1249 1824 1291 1891 est
1309 1829 1341 1890 δι
1359 1826 1430 1889 Ma·

425 1932 504 1998 nilio
517 1980 527 2009 ,
541 1939 573 1999 δι
585 1933 790 2012 Columellae,
806 1941 837 2001 δι
851 1936 1023 2011 Ciceroni,
1040 1956 1104 1999 non
1119 1933 1299 2006 inArataeis
1310 1932 1429 2011 modo,

422 2040 480 2107 sed
492 2043 586 2109 etiam
597 2044 670 2109 Fin.
679 2045 728 2121 V,
746 2066 756 2108 r
763 2060 801 2129 5:
817 2064 876 2107 nec
889 2041 1005 2129 uspiam
1018 2042 1160 2109 existimo
1174 2043 1300 2129 reperiri
1310 2064 1429 2109 vocem

328 2195 332 2200 -
423 2150 514 2217 illam
534 2152 575 2217 ad
597 2175 746 2239 cancrum
766 2150 926 2219 manifeste
947 2149 1178 2241 defignandum.
1203 2148 1286 2214 Cdrn
1311 2172 1430 2222 cancer

425 2257 605 2326 incedendo
623 2261 884 2351 retrogrediarur‚
908 2261 992 2327 idem
1019 2260 1158 2327 arbitrari
1179 2260 1282 2346 potuit
1300 2257 1431 2328 Plautus

425 2365 466 2433 de
489 2366 631 2455 scorpio,
647 2391 739 2457 quem
756 2366 816 2435 esse
831 2368 914 2457 quafi
931 2368 1090 2457 quoddam
1103 2369 1208 2433 cancri
1227 2389 1325 2456 genus
1343 2366 1429 2436 haud

424 2474 580 2539 immeriti>
603 2476 744 2542 credidit.
761 2481 890 2541 Certum
911 2477 1036 2542 aliunde
1051 2477 1093 2543 est
1109 2474 1169 2544 else
1185 2475 1333 2567 quasdam
1348 2476 1430 2546 scor·

425 2582 472 2670 pii
491 2581 630 2668 species,
656 2583 729 2670 putd
755 2572 908 2670 scorpium
934 2606 1112 2662 araneum,
1143 2606 1210 2673 quae
1241 2587 1428 2652 retrocessrm

425 2691 586 2758 incedunt.
595 2698 670 2759 Non
683 2693 775 2783 igitur
786 2692 803 2759 ὲ
813 2692 915 2758 Plauti
926 2692 1102 2758 testimonio
1112 2712 1199 2759 certo
1214 2693 1322 2785 colligi
1329 2696 1430 2783 potest

425 2820 558 2867 cancros
574 2802 743 2893 aliquando
759 2825 856 2889 nepas
873 2801 960 2869 fuisse
978 2803 1086 2869 didios.
1106 2788 1216 2868 «Dici
1233 2826 1305 2869 curn
1322 2803 1429 2895 aliqua

425 2937 451 2969 ss
464 2910 584 2977 ratione
609 2910 730 2998 posset,
756 2912 858 3002 inquit
877 2914 1051 2988 Patricius,
1074 2913 1124 2978 ad·
1139 2912 1351 2979 excusandum
1371 2915 1427 2979 Ci-

427 3047 451 3078 a
464 3030 609 3086 ceronem
626 3070 634 3096 ,
648 3021 669 3086 fi
682 3045 760 3109 opus
774 3018 866 3101 esset,
881 3021 1026 3110 hydram,
1040 3021 1081 3085 ad
1094 3044 1243 3087 cancrum
1256 3005 1426 3091 &leonem

427 3156 451 3187 ω
469 3132 571 3213 capite
596 3129 704 3206 sitam,
723 3131 833 3197 oculos
854 3151 960 3197 tamen
980 3137 1127 3217 &caput
1146 3128 1244 3215 ipsum
1262 3151 1427 3222 torquere,

427 3263 451 3293 a
465 3256 497 3325 nt
513 3232 564 3299 hic
581 3239 646 3313 ait,
666 3238 707 3302 ad
727 3257 814 3327 terga
833 3239 1057 3327 respectantem
1077 3238 1250 3324 scorpionis
1260 3264 1271 3312 3
1294 3241 1333 3306 ad
1356 3265 1439 3332 eum·

423 3374 451 3416 m
464 3369 561 3434 prope
578 3342 726 3421 modum,
747 3368 810 3434 quo
829 3347 964 3433 superids
987 3347 1025 3413 de
1043 3348 1179 3412 dracone
1196 3347 1300 3416 dixit:
1327 3355 1424 3416 Obcu·

359 3498 368 3522 s
426 3484 450 3515 ω
464 3478 526 3518 tum
544 3459 577 3517 in
598 3456 698 3517 cauda
722 3455 851 3533 majoris
862 3455 963 3539 figere
981 3456 1096 3528 dicam
1114 3452 1187 3521 clim
1205 3445 1312 3524 tamen
1330 3446 1426 3548 capus

424 3592 449 3623 ω
465 3563 561 3649 ipsum
577 3565 718 3630 draconis
734 3562 750 3629 i
766 3563 868 3630 cauda
883 3553 1011 3630 Helices
1031 3565 1149 3631 eminus
1170 3564 1362 3652 collocatum
1375 3571 1424 3654 vi-

426 3671 614 3740 adeatura.
639 3671 794 3737 Distantia
821 3672 948 3739 nonest
976 3672 1030 3738 nist
1053 3675 1179 3763 triginta
1205 3674 1325 3740 circiter
1346 3698 1422 3763 gra·
1461 3675 1463 3680 ’

428 3778 547 3878 duum,
568 3777 650 3845 nulld
671 3781 907 3849 constellatione
927 3784 1161 3861 intercedente,
1183 3788 1215 3849 &
1236 3782 1324 3851 vultu
1347 3786 1420 3854 dra·

426 3888 514 3952 conis
535 3871 576 3954 ad
586 3888 660 3957 ‘ursa
678 3889 810 3959 caudam
826 3890 924 3986 reipsa
939 3879 1102 3965 converso.
1118 3890 1235 3965 Conni
1251 3912 1347 3983 caput
1361 3894 1419 3984 hy·
