3375 5059
371 631 437 718 59⁸

373 757 1138 902 ..ff-affl&

371 991 760 1143 NOTAE
812 1003 1362 1183 elaturum

300 1269 302 1274 ’
376 1268 510 1380 ΙΝ
536 1233 943 1494 MANILII
985 1269 1373 1380 TEXTUM

572 1634 1175 1726 1Nu1uuuu1
1260 1609 1435 1768 *d›

423 1839 518 1904 V.1
547 1840 693 1901 Divinas
723 1860 807 1903 ortes
819 1886 830 1916 ,
862 1839 1093 1906 divinatrices
1083 1857 1302 1926 interpretatur
1321 1843 1376 1904 Sd.

378 1968 443 2036 quo
467 1942 553 2012 sensu
578 1947 663 2032 apud
678 1928 851 2014 Horatium
881 1950 992 2013 cornix
1017 1948 1127 2014 dicitur
1152 1950 1301 2014 imbrium
1324 1950 1374 2011 dir

377 2060 458 2148 uina
478 2056 546 2120 avis
567 2056 792 2124 imminentum.
812 2055 978 2121 Maluimus
1001 2056 1150 2121 accedere
1172 2057 1321 2123 salmasio
1341 2062 1375 2121 &

379 2167 408 2248 F
408 2188 471 2252 ayo
484 2207 493 2241 ‚
507 2165 621 2253 quibus·
632 2169 749 2234 diviua
761 2189 843 2230 ortes
861 2167 928 2231 sunt
939 2187 1022 2228 ortes
1035 2168 1176 2251 coelestes.
1189 2169 1283 2229 Porro
1303 2188 1378 2229 carr·

381 2274 466 2337 mine
485 2271 581 2338 fidera
604 2273 659 2338 fibi
684 2274 825 2351 mundo,
846 2275 879 2340 id
902 2273 965 2351 cll,
980 2272 1073 2348 ⁴coelo
1095 2272 1279 2339 deducenda
1298 2272 1377 2344 dicit

381 2378 548 2447 Manilius:
561 2404 620 2448 nee
633 2382 758 2455 mirum,
770 2378 841 2445 ctltn
855 2382 967 2446 dixerit
976 2381 1124 2469 Virgilius
1133 2380 1201 2446 Ecl.
1212 2381 1304 2458 Vlll,
1319 2384 1373 2456 69.

512 2514 628 2566 Carmina
640 2514 680 2563 vel
697 2513 766 2563 coelo‘
776 2500 875 2579 possunt
888 2512 1010 2565 deducere
1025 2516 1119 2566 lunam'.

426 2651 467 2715 V.
489 2657 520 2718 6.
541 2652 682 2733 Hospita
690 2648 786 2730 sacra
800 2646 930 2727 ferens,
950 2653 1029 2711 nulli
1046 2633 1213 2713 memorato
1227 2654 1375 2733 priorum.

382 2760 542 2843 Hospita,
570 2757 601 2820 id
630 2756 672 2821 est
698 2758 883 2845 peregrina,
905 2756 1052 2840 Heliconi
1075 2760 1208 2847 ignota,
1238 2758 1375 2823 nondum

384 2869 438 2954 ipsi
460 2865 586 2942 oblata,
608 2868 695 2934 aiunt
712 2848 813 2932 Soli.
841 2870 873 2930 δε
890 2854 962 2931 alii.
985 2870 1066 2931 Cum
1087 2867 1160 2932 illud
1183 2867 1373 2933 vocabulum

273 3023 276 3027 Δ
384 2978 526 3056 Hospita
538 3020 549 3050 ,
573 2975 694 3062 quoties
718 2973 801 3058 apud
824 2974 939 3038 latinos
964 2976 1073 3060 poetas
1094 2978 1260 3060 reperitur,
1283 2976 1375 3039 toties

387 3080 451 3147 fere
473 3080 594 3148 diverso
621 3081 730 3158 sensu,
753 3086 805 3170 qui
832 3102 937 3148 tamen
960 3085 1000 3147 ad
1020 3084 1180 3167 hospitium
1201 3082 1376 3157 referatur,

353 3194 355 3200 '
385 3189 602 3273 accipiendum
629 3189 689 3255 esse
709 3162 874 3264 vidftur3
899 3216 938 3257 eo
959 3194 1124 3257 nominet
1105 3191 1125 3254 s
1127 3191 1267 3279 vnlficart
1292 3187 1374 3277 polle

386 3297 570 3364 credidimus
586 3300 670 3363 sacta
679 3346 690 3375 ,
708 3324 774 3387 quae
790 3301 874 3385 apud
890 3300 1104 3365 Heliconem'
1095 3321 1126 3360 in
1150 3299 1286 3364 amicum
1305 3297 1373 3364 hos·

386 3409 495 3495 pitium
509 3407 751 3472 admitterentur.
765 3412 859 3473 Porro
873 3409 955 3471 sacra
967 3406 1042 3480 illa,
1056 3401 1248 3493 quitatione
1264 3409 1373 3472 tradiar

387 3515 452 3603 ipsa
469 3514 634 3593 Manilius,
654 3516 759 3589 idest,
782 3510 841 3603 qud
860 3534 946 3598 parte
968 3513 1106 3578 diversos
1130 3516 1254 3578 variant
1272 3514 1373 3580 homi·

388 3648 462 3692 num
484 3624 568 3689 casus
580 3668 591 3700 ‚
612 3624 713 3689 nullus
733 3624 893 3709 poetarum
917 3622 980 3688 sive
999 3622 1187 3705 latinorum,
1204 3623 1266 3690 sive
1283 3624 1377 3689 etiam

389 3754 581 3821 gracorum,
605 3752 678 3799 ante
694 3732 856 3797 Manilium
880 3733 1115 3797 tradiaverat.'

351 3851 353 3854 ’
433 3841 472 3904 V.
494 3844 543 3903 ι8.
568 3843 696 3925 Qudque
719 3863 807 3928 regor
823 3863 1010 3927 generetque.
1044 3840 1145 3904 Haec
1137 3838 1241 3923 inepte
1257 3842 1288 3902 &
1309 3860 1381 3923 per·
1429 3867 1431 3871 ’

390 3944 479 4014 verso
511 3945 623 4014 ordine
651 3949 803 4028 veniunt,
833 3968 933 4039 inquit
957 3954 992 4015 B
1019 3946 1101 4037 quafi
1128 3949 1209 4034 prius
1234 3963 1382 4036 tegeret,
