3375 5059
454 583 530 710 ιριΙ
630 619 725 694 Les
770 617 1249 740 Asrnououroune

349 790 423 871 7¹5
439 772 599 873 ¹Maxima
616 822 694 894 pars
715 822 862 871 numero
884 795 987 871 censu
1009 796 1222 884 concluditur
1239 798 1335 885 imo,

446 947 538 1039 Quae
559 949 673 1041 neque
689 969 752 1043 per
773 946 906 1020 cundas
929 948 1066 1037 nodes,
1084 970 1199 1043 neque
1216 967 1376 1048 ternpore
1394 909 1430 1018 in
1475 971 1477 976 ·

669 1092 766 1164 omni

440 1238 678 1340 Relplendet,
695 1238 788 1313 vasto
810 1237 891 1311 coeli
912 1238 1070 1314 submota
1088 1222 1291 1338 profundo:

436 1392 511 1466 Sed
532 1392 613 1463 cum
634 1386 724 1459 clara
746 1377 823 1456 suos
846 1343 966 1460 a'venit
988 1387 1092 1462 Delia
1114 1414 1250 1475 currus,

438 1525 600 1635 cumque
620 1558 718 1635 vagae
743 1530 847 1607 [lellae
877 1537 975 1609 terris
1002 1536 1059 1609 sua
1078 1536 1204 1613 lumina
1223 1539 1397 1629 condunt,
1454 1620 1456 1623 ,

338 1669 412 1752 7²⁰
436 1661 554 1762 Mersrt
572 1665 608 1756 dr
628 1682 787 1756 ardentes
807 1683 920 1757 Orion
940 1708 1060 1757 aureus
1084 1686 1200 1787 ignes,'

331 1895 334 1899 .
435 1836 610 1935 Signaque
631 1827 845 1931 transgressus
866 1852 975 1903 mutat
994 1853 1057 1927 per
1080 1796 1238 1929 temporo
1250 1800 1424 1927 Phoebus,
1457 1879 1459 1884 ,

359 1979 590 2088 Effnlget
613 1973 790 2066 tenebris,
808 1978 842 2049 &
864 1973 962 2048 node
984 1978 1185 2052 accenditur
1210 1985 1289 2056 atri

435 2129 541 2202 Tunc
567 2127 726 2202 conferta
742 2124 823 2198 licet
844 2122 926 2196 coeli
945 2085 1105 2225 fulgentia
1129 2127 1260 2227 templa

436 2275 592 2349 Cernere
613 2273 798 2345 luminibus
816 2270 947 2360 denfis,
971 2293 1154 2372 totumque
1170 2278 1298 2351 micare

337 2408 410 2490 725
434 2425 606 2520 stipatum
629 2417 728 2491 llellis
751 2381 1034 2505 mundumssnec
1058 2381 1184 2500 cedere
1203 2423 1335 2502 summi
1414 2449 1416 2454 ·

433 2566 616 2651 Floribus,
638 2584 695 2636 aut
720 2560 817 2638 ficcae
837 2590 981 2641 curvum
1007 2541 1070 2666 per
1092 2566 1169 2642 litus
1193 2561 1334 2650 arenae:

433 2713 508 2787 Sed
527 2701 613 2810 quot
642 2731 720 2783 eant
744 2708 880 2806 semper
896 2710 1071 2785 nascentes
1091 2737 1233 2811 aequore
1255 2720 1398 2814 nunus,

431 2849 536 2954 'Quot'
559 2856 697 2958 delapsa
719 2855 841 2930 cadant
859 2831 1024 2929 loliorum
1046 2843 1160 2932 millia¹
1173 2860 1284 2954 lilvis,

365 3004 601 3103 Amplius
619 3005 719 3077 hoc
709 3027 806 3104 ignes
827 3028 975 3079 numero
992 3003 1136 3082 volitare
1154 3034 1218 3106 per
1239 3012 1372 3087 orbem.
1458 3101 1463 3114 Ι

341 3143 433 3228 730
443 3155 568 3250 th'ue
586 3176 651 3250 per
674 3152 829 3250 ingentes
853 3151 1005 3250 populus
1028 3152 1237 3272 describitur
1246 3160 1352 3250 urbes

440 3293 723 3397 Praecrpuumqne
733 3321 1015 3394 patresretrnent
1024 3302 1262 3397 &proximum
1273 3312 1425 3405 equeller

443 3414 551 3523 Oido
557 3441 675 3519 locum
681 3500 691 3535 ,
703 3443 942 3544 populumque
959 3448 1081 3543 equiti,
1098 3435 1304 3551 populoque
1314 3459 1425 3535 subire

444 3596 609 3697 Vulgus
599 3620 688 3669 rners
711 3594 829 3669 videas
853 3596 916 3667 ἃ
907 3620 976 3694 lam
997 3596 1066 3670 fine
1090 3603 1231 3676 nomine
1248 3604 1407 3678 turbam.

427 3806 606 3892 jungitur,
622 3811 709 3891 ignes
731 3804 856 3868 Maxima
865 3825 923 3889 per
943 3811 1101 3889 minimos,
1122 3813 1226 3891 censu,
1248 3823 1303 3881 &n
1329 3822 1426 3903 Quam

446 3918 543 3981 damur
558 3909 915 3997 rodenmannum
931 3923 978 3987 eli.
992 3924 1068 3988 lurer
1079 3923 1128 3988 lus'
1138 3903 1205 3989 duas
1215 3930 1320 4017 eligere
1330 3937 1405 4032 liter¹
