3375 5059
373 670 444 732 '340
543 649 667 718 Nutu
692 670 730 715 ru
754 650 935 733 Artatur
959 656 1189 724 cremum·

377 796 424 862 nis
435 813 501 878 non
521 790 563 859 est
575 790 825 881 cmrissediepus
838 840 851 874 ,
864 815 898 861 ut
910 793 991 863 infra
1006 797 1128 864 dicetur
1147 823 1179 865 v.
1199 802 1274 883 365.
1287 793 1384 888 Cim*

376 924 454 990 ergo
478 900 556 974 dicit
580 906 692 968 Aratus
716 924 828 969 canem
854 901 914 969 esse
939 904 993 970 sub
1016 908 1143 973 Orionis
1167 908 1298 994 pedibus
1306 952 1322 987 ,
1344 904 1383 972 id
1406 974 1408 980 ,

378 1008 422 1077 est
440 1008 545 1076 latiori
570 1009 656 1075 sensu
679 1011 922 1097 accipiendum,
946 1034 1056 1079 canem
1080 1013 1223 1092 scilicet,
1247 1014 1382 1102 pedibus

281 1101 290 1130 ²
377 1120 506 1190 Orionis
529 1120 690 1196 vicinum,
714 1118 783 1205 ipsas
803 1117 863 1185 esse
887 1118 1067 1189 inferiorem
1084 1121 1138 1190 seu
1157 1122 1378 1194 australiotern.

422 1264 463 1330 V.
478 1269 553 1343 364.
568 1267 676 1325 Cetera
682 1261 851 1346 figurandis
857 1265 935 1343 sunt
949 1268 1104 1349 languida
1110 1255 1213 1347 fidere
1227 1268 1385 1331 membris.·

377 1369 502 1456 Falsum
523 1369 565 1435 est
583 1367 683 1434 stellas
707 1369 813 1445 canis,
832 1387 971 1455 exceptu
988 1373 1090 1449 Sirio„
1113 1369 1172 1438 esse
1192 1372 1380 1463 languidas:

377 1499 438 1546 tres
462 1478 546 1544 enim
569 1474 623 1557 vel
647 1496 780 1565 quatuor
801 1473 871 1541 sunt
894 1476 1031 1545 secunde
1059 1479 1289 1569 magnitudinis.
1325 1485 1383 1550 Au

376 1588 423 1655 hae
445 1609 571 1677 quoque
598 1583 687 1673 lapsu
710 1587 860 1673 temporis
880 1588 1039 1675 potiorem
1059 1586 1138 1654 lucis
1157 1588 1287 1685 gradum
1307 1588 1380 1660 sunt

377 1696 525 1782 adeptae·
908 1717 912 1724 ·

424 1837 464 1900 V.
491 1857 570 1920 370.
593 1840 747 1901 Orientem
765 1837 892 1922 denique
906 1839 1051 1921 puulrim.
1071 1840 1120 1904 ita
1144 1838 1281 1905 Grotius.
1301 1834 1384 1904 Vul-

379 1964 455 2037 gata
473 1945 612 2010 omnium
635 1941 700 2008 fere
723 1942 818 2007 los-*tio
839 1944 904 2008 hac
925 1964 1011 2010 erat:
1038 1950 1150 2009 Oriens
1158 1949 1233 2028 jam
1253 1948 1383 2032 denique

375 2055 487 2140 paules
502 2050 667 2118 Turnebus
681 2050 877 2126 emendavit,
894 2054 1047 2115 Orientem
1059 2056 1197 2137 denique.
1213 2058 1383 2138 Denique,

371 2165 489 2248 fimul,
511 2183 576 2225 rum
595 2157 764 2251 similesque
786 2158 953 2241 particulas
971 2182 1027 2245 pto
1046 2160 1160 2246 copula
1178 2159 1303 2247 usurpat
1321 2164 1384 2228 Ci-

381 2293 479 2348 cero,
502 2270 547 2336 ait
568 2269 704 2334 Grotius.
725 2267 807 2332 Esto.
827 2265 942 2333 Sensus
964 2270 1069 2360 itaque
1090 2268 1151 2348 est,
1171 2270 1277 2337 addit:
1293 2272 1385 2343 canis

380 2378 522 2465 leporem
546 2375 737 2465 insequitur,
762 2376 963 2442 occidentem
973 2377 1100 2466 agitans
1117 2382 1151 2443 &
1173 2363 1302 2466 paulum
1318 2380 1383 2465 jam

381 2505 506 2553 urtumr
527 2483 566 2549 stc
592 2489 692 2550 Arato
713 2485 887 2549 conveniet
905 2486 1030 2550 Cicem.
1051 2483 1168 2551 Verrim
1187 2488 1220 2551 in
1242 2486 1382 2554 lestione

383 2595 489 2662 Grotii
502 2593 588 2658 canis
603 2590 744 2677 leporem
759 2589 940 2669 insectatur,
956 2613 1022 2658 non
1038 2591 1165 2679 paulum
1181 2595 1244 2678 jam
1259 2615 1382 2691 ριιιιιιι,

382 2704 437 2779 sed
451 2700 577 2792 pausum
591 2702 751 2766 orientem.
766 2704 863 2767 Porro
877 2700 985 2788 lepore
1003 2700 1130 2787 pauirim
1144 2704 1286 2782 oriente,
1300 2725 1382 2771 nou-

383 2816 460 2885 dum
475 2829 606 2898 apparet
624 2794 723 2875 canis:
737 2810 886 2874 Patricius
903 2810 1061 2887 malebat,
1083 2814 1236 2873 Orientem
1255 2814 1385 2899 denique

380 2928 513 3009 pellens.
525 2920 568 2983 Ut
581 2917 622 2983 ad
635 2937 775 2984 veterum
790 2915 959 2983 lestiontm
975 2915 1102 3005 propitis
1116 2911 1308 2997 accedatur,
1318 2918 1383 3009 legi

386 3028 510 3119 potest,
536 3031 645 3089 Orcum
656 3030 727 3109 jam
748 3029 875 3110 denique
898 3032 1029 3109 pellens.
1050 3031 1205 3121 Legetem
1227 3026 1383 3105 libentem

391 3144 544 3205 Orientem
564 3138 703 3208 cominus
726 3140 779 3198 vel
790 3138 959 3215 proximus
983 3158 1115 3221 urgetur,
1137 3135 1197 3203 vel
1216 3140 1382 3223 ortumque

380 3248 513 3336 subinde
527 3244 703 3329 fatigans,
721 3242 776 3308 nisi
793 3243 858 3310 hac
879 3243 897 3311 i
915 3243 1060 3339 codicum
1077 3244 1218 3340 omnium
1235 3244 1298 3316 fide
1314 3243 1383 3314 lom

386 3357 460 3453 gitis
484 3354 671 3421 aberrarent·

391 3575 395 3582 .
434 3503 475 3566 V.
499 3518 572 3583 379.
591 3498 717 3562 Tenent
736 3514 846 3561 omnes
866 3495 1016 3571 codices,
1036 3496 1181 3560 Vertitur
1193 3492 1308 3583 Argue
1332 3492 1384 3564 sed

377 3610 474 3701 apud
489 3609 670 3696 Hyginum,
688 3603 764 3671 Fab.
785 3627 846 3685 14,
862 3603 995 3694 legitur,
1014 3608 1147 3671 Labitur
1161 3608 1255 3694 Argo
1265 3653 1278 3685 ,
1296 3603 1384 3693 quod

389 3720 514 3815 planius
539 3714 603 3793 est,
621 3715 722 3804 inquit
741 3714 899 3781 Patricius.
920 3710 923 3715 ’

435 3861 475 3925 V.
498 3862 572 3937 382.
596 3860 675 3924 Item
696 3858 860 3945 Hyginus,
885 3856 959 3921 loco
977 3858 1098 3935 citato,
1121 3880 1203 3944 pro,
1226 3857 1379 3944 Dispersa

381 3971 503 4045 {remim
521 3970 677 4056 fulgens,
690 3966 777 4066 ¹legit
801 3967 979 4033 Tendens¹ri
990 3988 1099 4054 puppe
1120 3971 1273 4047 volanu,
1297 3962 1380 4058 quod
