3375 5059
533 596 654 663 Nora
679 617 720 662 nt
741 600 918 664 Anauon
944 605 1170 671 Creanoms.
1281 627 1348 689 343·

356 734 416 820 ἁτε
427 754 496 803 toto
511 734 576 805 ferd
589 740 676 807 coelo
694 741 798 807 medio
815 741 933 808 distare
952 762 1041 834 tergo
1063 744 1193 833 scorpii3
1210 752 1242 813 δι
1259 730 1356 837 ῃιαρέ

357 866 431 930 pam
448 847 606 915 coelestem
630 849 832 917 confiderunti
856 852 975 939 patebit
997 853 1088 943 quim
1114 855 1149 919 srt
1166 857 1350 943 impoffibile

355 956 484 1044 hydram
497 961 537 1026 ad
555 979 644 1051 terga
658 960 768 1050 scorpii
786 962 907 1029 vultum
924 958 1017 1054 atque
1033 962 1141 1031 oculos
1156 986 1350 1036 convertere.
1438 976 1444 1009 ⁴·

354 1069 561 1149 Leitiouem,
592 1075 636 1136 od
660 1056 783 1160 tergora
804 1078 908 1138 cancri
930 1074 1072 1162 repudiat
1098 1075 1200 1142 eade
1228 1077 1350 1143 ratione

350 1178 524 1260 Patricius,
546 1181 631 1272 quod
642 1202 762 1274 tergum
774 1207 831 1272 pro
846 1205 990 1275 tergore,
1010 1208 1075 1250 non
1088 1186 1164 1252 item
1181 1209 1237 1272 pro
1259 1203 1350 1274 tergo

352 1302 458 1375 tergus
482 1293 613 1376 reperire
633 1292 667 1358 fit
688 1294 771 1380 apud
791 1294 940 1382 probatos
959 1294 1108 1360 nudiores.
1130 1298 1167 1358 ln
1187 1294 1370 1359 doctissimi,

351 1396 412 1461 viri
430 1396 614 1467 sententiam
633 1402 767 1470 libentes
785 1406 817 1467 in
839 1403 899 1468 hac
921 1423 1008 1491 parte
1024 1401 1257 1475 descendimuss
1283 1425 1350 1468 cre·

348 1503 507 1597 dimu'sque
523 1509 666 1599 scripsrffe
679 1516 885 1590 Ciceronem,
904 1516 949 1576 ad
961 1517 1089 1598 pectora
1106 1517 1237 1591 cancri,
1258 1517 1290 1578 &
1307 1512 1348 1584 sle

348 1616 441 1680 nobis
461 1624 590 1706 Aratum
614 1619 747 1688 fideliter
766 1616 946 1689 exhibuille.

494 1728 498 1736 ·
516 1717 551 1748 ,9

394 1758 434 1823 V.
460 1780 537 1845 497.
560 1764 746 1831 Ledlionem
768 1766 933 1855 vulgatam
953 1764 1006 1829 sua
1029 1761 1083 1829 sub
1107 1763 1220 1829 incude
1244 1761 1346 1830 versat

345 1868 516 1947 Patricius,
540 1875 573 1937 δι
598 1874 777 1939 concludit:
798 1902 820 1930 <e
833 1879 898 1939 Aut
916 1875 1009 1963 igitur
1028 1872 1111 1938 aliud
1137 1892 1243 1959 preter
1266 1876 1346 1936 Ara·

345 2003 370 2036 2>
382 1996 446 2042 rum
464 1978 599 2070 loquitur
612 1966 748 2062 Cicero,
765 2003 817 2049 aut
832 1986 912 2051 inter
927 1986 1009 2049 hunc
1026 1989 1059 2050 &
1078 1982 1263 2070 superiorem
1276 2002 1347 2047 vet-

345 2085 447 2152 xsum
470 2090 552 2156 deest
576 2092 715 2184 aliquid,
740 2114 794 2158 aut
817 2094 895 2159 vero
917 2092 1006 2157 locus
1028 2111 1113 2156 totus
1141 2086 1253 2157 mendi
1279 2111 1344 2154 non

342 2220 370 2259 ω
385 2217 468 2264 caret
480 2229 513 2266 ω.
532 2195 662 2267 Aratum
685 2199 730 2267 sat
752 2200 834 2267 bend
857 2200 991 2266 reddidit
1010 2201 1160 2266 Avienus.

477 2336 540 2387 Non
553 2336 592 2387 isti
614 2338 722 2398 (lacteo)
736 2339 817 2391 formd
832 2338 934 2398 similis,
955 2338 1070 2388 fimilisue
1086 2337 1174 2389 colore
1245 2354 1249 2358 ·

477 2419 589 2470 Circulos
608 2421 642 2472 est
659 2423 736 2471 alius:
755 2422 843 2474 modus
860 2428 884 2474 &
902 2422 1014 2473 mensura
1031 2418 1128 2470 duobus
1181 2434 1185 2441 ·

401 2507 404 2511 ’
477 2501 518 2551 Est
535 2517 634 2570 compar
648 2505 720 2565 solim
738 2506 799 2556 alios
817 2504 869 2556 duo
884 2505 981 2571 parcior
1002 2506 1076 2553 atrior

476 2584 567 2646 Linea,
583 2603 629 2638 nec
645 2588 721 2639 multi
735 2588 810 2640 trahit
825 2588 883 2641 istos
896 2588 1001 2639 ambitur
1016 2585 1101 2658 aerliri.

1350 2361 1381 2434 ὁ

387 2701 429 2768 v.
446 2722 523 2788 532.
535 2709 594 2769 Pro
605 2710 700 2790 flexo
714 2705 800 2795 vulg.
814 2689 932 2771 habenr'
936 2711 1039 2789 flexu.
1051 2703 1177 2767 Grotius
1192 2702 1341 2769 substituit

337 2808 468 2894 flexus,
489 2812 532 2877 sol
547 2835 670 2900 nempe.
688 2814 855 2880 Maluimus
875 2814 960 2905 sequi
976 2814 1139 2878 Patricium
1159 2811 1340 2915 &scribere

336 2924 432 3006 flexa
444 2968 455 2999 ,
477 2940 545 2989 rota
569 2920 685 2988 scilicet
710 2921 789 2988 solis.

388 3065 429 3128 V.
453 3082 518 3148 715
532 3112 543 3142 ,
573 3073 650 3149 716.
676 3069 749 3131 inde
772 3066 1022 3151 sagittipotens,
1050 3068 1109 3129 &o
1135 3057 1248 3127 Versrls
1269 3066 1338 3143 716

344 3174 500 3239 variantes
523 3165 700 3241 retulimus:
725 3176 772 3239 his
791 3175 864 3239 addi
885 3174 984 3260 potest
1005 3196 1041 3239 ea
1059 3167 1164 3237 versils
1181 3170 1337 3259 utriusque

342 3278 438 3348 lettio
459 3306 552 3372 quarn
574 3285 590 3349 d
614 3282 773 3348 nonnullis
796 3280 955 3347 admiffam
973 3281 1096 3347 testatur
1115 3282 1274 3346 Patricius.

473 3420 537 3471 Inde
550 3421 718 3489 sagittipotens
732 3423 825 3488 superas
844 3420 899 3471 crim
917 3420 994 3472 visere
1013 3419 1079 3471 luces

473 3503 585 3563 Institit,
600 3507 705 3572 emergit
719 3504 783 3555 Nixi
799 3520 885 3571 caput,
900 3508 948 3554 &o

388 3627 469 3689 Eam
494 3621 671 3689 ledlionem‘
684 3622 871 3688 ledlionibus
889 3623 998 3688 ceteris
1020 3620 1103 3686 haud
1117 3617 1196 3708 aegre
1215 3616 1337 3703 praefet·

344 3752 465 3807 remus,
486 3709 620 3819 tuncque
644 3732 676 3794 in
701 3756 732 3798 v.
752 3751 819 3816 717
844 3754 900 3819 pro
921 3733 1059 3815 promit,
1079 3727 1211 3793 libenter
1232 3725 1340 3797 substi-

345 3859 518 3922 tueremus‚
537 3837 655 3924 prodit.

1074 4026 1153 4095 Yiv
1252 4091 1255 4096 .
