3375 5059
415 624 488 758 pr!
605 588 701 699 lar
729 615 1212 740 barnouotrruaar

223 892 227 899 ,
315 796 396 901 310
421 803 472 875 Ut
491 827 597 901 genus
618 804 653 876 in
676 827 799 877 terram
824 807 917 882 coelo
938 812 1114 887 descendit
1135 816 1179 888 ab
1198 813 1282 887 alto.

465 954 610 1050 Percipe
637 978 727 1026 nunc
749 958 852 1028 etiarn
873 979 952 1053 quae
979 960 1039 1031 smt
1064 961 1221 1060 ecliptica
1244 958 1353 1034 Graio
1409 1005 1411 1008 -

376 1183 380 1190 ,
414 1101 594 1208 Nomine,
617 1100 715 1195 qubd
736 1125 849 1175 certos
872 1104 962 1200 quasa
983 1105 1140 1180 delassata
1160 1134 1224 1205 per
1242 1128 1350 1179 annos
1387 1101 1391 1110 '

413 1250 687 1346 Nonnumquam
708 1249 834 1323 cessant
851 1251 951 1325 slerili
967 1258 1138 1352 torpentia
1162 1280 1274 1330 motu.

413 1395 551 1470 Scilicet
572 1396 741 1470 immenso
766 1397 846 1470 nihil
872 1400 918 1471 esl
943 1399 1075 1497 aequale
1098 1401 1158 1474 sub
1182 1425 1281 1488 aevu,

211 1601 214 1608 .
313 1535 390 1639 815
415 1542 675 1641 Perpetuosque
701 1567 795 1617 tenet
817 1539 927 1619 'flores
955 1574 1129 1646 unumque
1152 1574 1324 1625 tenorem.
1377 1529 1396 1632 ,Ι

349 1729 354 1736 ·
410 1694 585 1767 Mutantur
608 1693 669 1769 sed
689 1696 805 1767 cunsla
831 1696 910 1783 die,
936 1700 1131 1795 variantque
1153 1726 1216 1799 per
1239 1708 1373 1784 annosa
1407 1770 1409 1772 ,

409 1845 455 1917 Et
474 1843 622 1917 secunda
642 1843 705 1916 suis
730 1844 884 1918 abfistunt
907 1848 1058 1947 frugibus
1078 1873 1183 1942 arva,

409 1991 672 2090 continuosque
692 2016 818 2093 negant
840 2016 974 2090 partus,
995 1998 1111 2070 effoeta
1133 2000 1297 2073 creando.

409 2139 537 2214 Rursus
563 2164 641 2237 quae
664 2142 795 2214 fuerant
812 2140 936 2213 steriles
959 2145 1003 2215 ad
1022 2143 1148 2218 semina
1172 2168 1293 2234 tetrae,

305 2271 384 2368 820
409 2291 486 2363 Post
510 2314 602 2362 nova
625 2288 811 2376 sufficiunt,
834 2283 931 2362 nullo
958 2294 1160 2381 mandante,
1185 2294 1322 2369 tributa.
1382 2391 1384 2398 Ι

408 2442 613 2513 concutitur
634 2440 733 2514 tellus
755 2440 873 2515 validis
897 2444 1122 2543 compagibus
1139 2446 1271 2515 haererrs
1282 2496 1294 2528 ,
1384 2471 1387 2476 ·

403 2588 643 2685 'Subducitque
662 2586 771 2660 solum
793 2586 950 2683 pedibus.
977 2588 1082 2657 Natat
1103 2587 1196 2659 orbis
1215 2586 1248 2656 in
1269 2585 1363 2683 ipsos

403 2736 451 2811 Et
475 2737 588 2828 vomit
609 2759 758 2808 oceanus
781 2735 947 2830 pontum,
973 2727 1148 2825 fitiensque
1173 2713 1348 2820 resorsst,

401 2890 484 2963 Nec
501 2884 571 2961 sese
591 2884 663 2983 ipse
681 2884 784 2982 capit.
805 2884 863 2956 Sic
883 2882 1058 2978 quondam
1081 2880 1240 2953 merserat
1261 2884 1385 2974 urbest

296 3025 377 3148 ξπ
401 3035 554 3109 Humani
579 3033 712 3131 generis
736 3033 815 3103 clam
838 3028 929 3104 solus
950 3032 1095 3104 conslitit
1114 3033 1212 3128 heres

397 3180 615 3268 Deucalion,
642 3176 857 3275 scopuloque
875 3177 998 3249 orbem
1020 3175 1165 3272 possedit
1187 3178 1222 3246 in
1247 3159 1332 3252 uno.

396 3331 550 3405 Necnon
574 3326 652 3397 clam
677 3326 798 3419 patrias
822 3324 1002 3394 Pha'e'thon
1023 3323 1164 3393 tentavit
1186 3323 1354 3413 habenas,

392 3478 563 3558 Arserunt
589 3497 706 3577 gentes
716 3473 927 3594 ,Qnuitque
948 3473 1106 3544 incendia
1131 3473 1281 3563 coelum,

438 3673 476 3734 v.
499 3677 577 3748 828,
598 3676 666 3741 829.
684 3668 718 3729 Β.

633 3822 636 3829 ,
718 3763 776 3816 Lair
790 3763 866 3829 ipsum
882 3759 996 3812 incendia
1007 3764 1114 3819 coelum,

401 3901 405 3908 ,
507 3847 675 3915 Fulseraatque
692 3848 760 3900 travia
777 3845 897 3897 radiantia
917 3845 992 3896 fideta
1002 3844 1119 3913 flammis.

431 3946 478 4009 Sic
487 3947 569 4032 juata
586 3947 620 4011 B.
640 3947 688 4011 hic
706 3949 784 4012 locus
807 3945 985 4014 concordabit
1004 3965 1069 4007 cum
1088 3941 1120 4007 iis
1139 3963 1198 4025 quae
1216 3942 1252 4008 tle
1272 3942 1374 4009 eodem

1320 4038 1377 4127 διὰ
