3375 5059
385 607 455 683 ¹308
553 591 658 663 Nora
682 613 821 661 caturca
846 615 877 658 ru
902 585 1039 660 Mamur
1063 608 1213 661 textuit.

384 742 466 835 redd
477 740 645 807 annotavit
657 742 694 805 B.
705 740 747 803 Ut
757 756 863 812 tamen
877 738 918 803 ad
931 737 1018 804 illam
1030 757 1169 806 veterem
1184 736 1383 827 generalemJ

382 871 444 944 que
458 848 626 915 lestionem
638 845 764 933 propitis
779 847 1019 925 accederemus,
1034 848 1166 931 figarum
1183 844 1383 915 mutassemus

381 959 416 1025 in
430 957 624 1041 finuaca,·st
642 957 734 1023 nobis
755 956 957 1044 temporanee
977 954 1107 1025 venisset
1125 960 1159 1023 in
1182 978 1318 1047 mentem
1340 980 1381 1026 ea

383 1067 546 1134 corredlio.
562 1070 695 1130 Sinuare
709 1064 785 1152 sape
803 1064 980 1154 simpliciter
993 1067 1144 1153 accipitur
1165 1089 1222 1153 pro
1239 1090 1377 1133 curvare.

426 1210 466 1273 V.
489 1230 564 1289 391.
581 1211 673 1271 Nunc
684 1206 794 1287 foedus
807 1209 921 1290 stellis.
939 1206 1050 1272 Stellas
1069 1203 1122 1271 hic
1138 1206 1300 1273 univerfim
1320 1228 1376 1273 ac·
1414 1277 1419 1285 ,

364 1317 477 1403 cipe,
500 1337 565 1380 non
584 1313 745 1401 planetas,
766 1315 811 1378 ait
827 1317 865 1378 B.
886 1314 947 1381 Sed
970 1312 1092 1380 sedibus
1113 1314 1145 1378 in
1163 1311 1270 1380 iisdem
1286 1312 1378 1380 stella

379 1424 499 1511 semper
523 1424 591 1490 fixa
611 1426 680 1488 sunt
699 1444 797 1513 t‘quae
823 1420 918 1488 semel
942 1421 1010 1489 sunt
1033 1422 1201 1510 oppofita,
1218 1420 1377 1509 'opposita

376 1529 447 1617 sunt
468 1533 502 1595 in
519 1551 711 1618 perpetuum.
736 1530 830 1595 Haud
848 1532 893 1596 ita
908 1515 1061 1618 planeta3
1080 1531 1173 1597 modia
1186 1528 1253 1594 sunt
1268 1552 1377 1618 oppo-

375 1637 450 1718 siti,
471 1639 567 1705 modi)
590 1661 656 1707 non
677 1638 744 1706 sunt
755 1662 766 1712 3
787 1660 870 1703 nunc
891 1638 924 1704 in
945 1638 1028 1717 hoc,
1048 1660 1131 1704 nunc
1154 1640 1188 1703 in
1211 1638 1267 1704 illo
1284 1638 1382 1729 signo·

376 1768 603 1836 opponuntur,
625 1752 657 1814 δι
683 1770 741 1835 pro
766 1746 840 1812 loco
864 1748 897 1811 in
920 1734 984 1836 quo
1004 1745 1072 1812 sunt
1093 1746 1249 1834 oppofiti,
1272 1749 1377 1815 varias

376 1848 481 1941 ¹Vires,
508 1856 562 1924 vel
597 1879 696 1943 pace,
713 1840 775 1923 'vel
796 1855 910 1933 bello,
937 1856 1116 1923 ministrant.
1146 1858 1219 1921 Hac
1248 1855 1317 1936 est,
1343 1858 1381 1923 ni.

277 1976 281 1979 '
373 1958 537 2045 fallimur,
567 1967 691 2031 Manilii
715 1988 811 2032 mens.
836 1965 927 2033 Adde
952 1963 1222 2055 quddstellarum
1247 1967 1376 2033 nomine

373 2065 521 2199 planepas
542 2070 646 2162 sapitis
673 2074 763 2163 quim
787 2077 866 2141 fixas
889 2074 983 2163 poeta
1007 2072 1107 2138 noster
1126 2054 1281 2162 intelligit
1294 2080 1377 2153 At,

374 2169 478 2273 inquit
500 2187 537 2251 B.
566 2182 714 2274 nusquam
742 2186 773 2250 in
794 2186 856 2249 hoc
878 2204 972 2270 opere
997 2182 1036 2247 de
1057 2178 1189 2268 planetis
1207 2183 1273 2270 agit
1299 2184 1377 2248 Ma·

374 2271 482 2384 nilius.
506 2290 599 2359 Talia
622 2290 751 2379 proferri
778 2292 872 2357 miror
898 2289 915 2357 a
939 2289 1108 2360 doslissrmo
1131 2290 1223 2366 viro,
1250 2291 1303 2379 qui
1328 2310 1376 2357 tot

376 2416 479 2467 annos
494 2400 525 2464 in
544 2398 741 2467 enucleando
760 2397 896 2462 Manilio
911 2397 980 2463 ¹tam
1003 2397 1136 2468 feliciter
1155 2392 1325 2464 desudavit
1338 2402 1375 2463 ln

377 2533 417 2578 ea
433 2510 558 2601 quidem
571 2509 673 2595 operis
690 2507 856 2571 Maniliani
874 2525 984 2593 parto,
997 2529 1063 2596 qua
1080 2507 1282 2594 pervenitad
1301 2530 1375 2587 nos,

374 2612 420 2687 'de
442 2616 574 2706 planetis
588 2613 746 2702 expressim
765 2618 796 2680 δι
814 2613 953 2680 distinete
968 2616 1062 2701 posta
1079 2637 1143 2681 non
1161 2619 1248 2706 agit:
1266 2616 1374 2685 venim

378 2728 594 2817 preparatoria
615 2724 773 2801 instituta,
790 2745 855 2815 qua
875 2724 937 2789 hoc
955 2729 988 2789 δι
1007 2723 1144 2814 sequenti
1168 2707 1247 2790 liliro
1266 2726 1375 2805 tradit,

254 2846 257 2855 '
376 2837 422 2903 ad
448 2835 589 2923 planetas
615 2854 679 2897 non
707 2834 807 2897 minus
831 2831 923 2923 quim
945 2832 985 2897 ad
1010 2833 1088 2897 fixas
1111 2832 1271 2899 referenda
1298 2836 1372 2903 suut.

377 2941 422 3012 Et
434 2966 467 3010 re
485 2943 610 3033 quidem
626 2939 690 3028 ipsa
709 2940 851 3028 planetas
865 2939 1011 3027 expresse
1030 2940 1105 3029 sape
1126 2962 1282 3011 memorat
1301 2947 1373 3015 Mat-⁸

379 3049 482 3119 nisius.
492 3048 574 3114 Vide
587 3038 635 3126 ll,
648 3068 716 3133 727
723 3072 734 3124 3
750 3050 793 3113 lll
801 3096 813 3126 ,
828 3055 891 3126 62,
907 3053 967 3126 89,
987 3053 1146 3127 101,&c.
1356 3047 1359 3053 ’

376 3185 381 3201 ”
427 3203 474 3275 V.
493 3226 572 3291 4¹7·
592 3208 655 3269 Sed
671 3209 752 3270 ratio
773 3230 838 3289 par
857 3208 905 3290 est.
924 3200 1005 3295 Legi
1028 3206 1122 3272 eriam
1145 3205 1269 3291 potest,
1294 3214 1372 3274 sunt

362 3317 502 3407 ..rarione
517 3336 636 3399 pares:
658 3311 770 3377 vetusti
790 3335 899 3378 omnes
920 3312 1038 3378 habent
1048 3359 1059 3389 ,
1084 3315 1148 3374 Sed
1161 3318 1283 3380 rarione
1297 3320 1372 3401 pati

305 3436 307 3440 ‘
373 3426 432 3517 ιβ.
455 3422 582 3491 Versum
610 3417 770 3506 proscribit
799 3424 837 3483 B.
867 3422 1026 3485 Sententia
1039 3466 1049 3497 ‚
1078 3421 1203 3511 inquit,
1233 3448 1299 3513 qua
1322 3423 1373 3492 hic

341 3539 343 3548 '
375 3510 545 3623 'quantum
558 3532 591 3594 in
606 3528 702 3594 tribus
722 3526 919 3617 sequentibus
934 3521 1090 3613 repetitur.
1101 3532 1267 3617 'Repetitur
1281 3533 1373 3611 sans,

374 3621 435 3704 'sed
458 3637 541 3737 apud
559 3626 741 3701 'Bentleium
752 3680 764 3713 ,
787 3656 851 3700 non
872 3635 955 3722 apud
980 3636 1155 3721 Manilium,

427 3778 470 3841 V.
498 3795 578 3855 4²0·
609 3780 774 3873 Tempore,
803 3777 848 3842 ait
868 3777 1026 3867 Scaliger,
1051 3777 1197 3846 Manilius
1216 3779 1296 3846 dixit
1314 3804 1371 3867 pro

371 3877 647 3980 temperamenta,
665 3884 866 3955 hauddubie.
881 3875 1020 3995 serapias
1031 3888 1188 3988 ferripm
1202 3885 1275 3959 ferti
1293 3908 1370 3967 tems
