3375 5059
400 672 449 756 γε
588 661 685 738 Las
731 660 1211 760 Asrnononrqurs

400 833 524 912 Altera
544 839 608 914 sub
633 827 789 916 medium
813 841 925 917 solem
948 845 1021 918 duo
1042 845 1136 921 bella
1157 872 1221 948 per
1237 848 1351 922 undas

301 971 378 1078 ,850
399 985 520 1063 Intulit
537 987 703 1064 Oceanus
721 980 832 1065 terris.
853 994 949 1067 Nam
965 993 1096 1069 Perfica
1115 996 1233 1072 fludus

399 1138 499 1216 Arva
526 1160 645 1229 tenet,
672 1123 809 1214 titulurn
826 1139 948 1246 ¹pelagi
973 1145 1149 1243 praedatus
1166 1148 1211 1222 ab
1232 1146 1345 1221 isdem

397 1287 493 1388 Quae
510 1289 597 1389 rigat
613 1288 688 1387 ipse
708 1290 818 1379 locis,
841 1286 986 1389 latoque
1007 1292 1196 1369 infunditur
1219 1321 1295 1371 ore.

394 1438 482 1532 Nec
503 1436 628 1537 procul
646 1440 682 1513 in
697 1438 823 1516 molles
836 1439 994 1533 Arabas,
1013 1464 1209 1545 terramque
1229 1444 1402 1519 ferentem

383 1584 553 1662 Delicias
573 1588 748 1687 variaeque
769 1615 883 1667 novos
902 1559 1026 1667 radicis
1048 1594 1202 1685 odores,
1445 1573 1448 1578 ¹

304 1717 386 1821 855·
401 1735 544 1811 Leniter
567 1737 725 1848 adfundit
749 1740 961 1839 gemmantia
980 1737 1081 1813 litora
1105 1763 1261 1839 pontus;
1409 1749 1412 1753 ’

401 1885 448 1963 Et
475 1907 576 1963 terrae
592 1912 688 1961 mare
705 1912 836 1963 nomen
859 1889 989 1964 habeta
1011 1889 1127 1963 media
1148 1889 1206 1965 illa
1228 1893 1382 1970 duobus.

599 2038 649 2110 M
667 2037 705 2111 U
722 2038 749 2110 L
773 2038 855 2110 TA
905 2038 941 2109 D
958 2037 1031 2111 ES
1054 2038 1092 2110 U
1101 2040 1146 2112 N
1162 2040 1201 2113 T.

402 2187 595 2280 Quondam
619 2187 795 2290 Carthag'o
816 2212 964 2290 regnum
982 2186 1098 2280 sortita
1117 2184 1179 2259 sub
1203 2189 1329 2277 armis,

401 2327 546 2432 Ignibus
569 2332 717 2431 Alpinas
744 2338 824 2409 cum
850 2338 1009 2410 contudit
1034 2332 1208 2409 Hannibal
1231 2360 1353 2421 arceS,

402 2483 559 2556 Fecit&
583 2503 751 2580 aeternum
770 2481 956 2569 Trebiam,
979 2484 1184 2581 Cannasque
1207 2484 1372 2583 sepulcris

305 2629 381 2707 '660
406 2630 555 2720 Obruit,
572 2632 608 2703 a
630 2628 767 2726 Libyen
792 2628 894 2703 Italas
913 2630 1038 2703 infudit
1059 2632 1095 2703 in
1117 2629 1235 2703 urbes.

404 2780 498 2853 Huic
517 2780 625 2854 varias
649 2780 759 2878 pestes
781 2779 980 2876 diversaque
1005 2779 1154 2851 monstra
1176 2767 1326 2908 ferarum

407 2923 582 3001 Conceffit
606 2925 707 3004 bellis
727 2950 847 3002 natura
868 2925 987 3000 infesta
1007 2924 1139 2999 futuris.

406 3049 614 3151 Horrendus
639 3039 789 3177 angues,
818 3078 1039 3172 habitataque
1060 3077 1218 3148 membra
1237 3099 1404 3167 veneno,

405 3221 453 3298 Et
469 3225 590 3296 mortis
612 3223 707 3322 pastu
726 3223 896 3313 viventia,
921 3223 1064 3294 crimina
1085 3241 1205 3307 terrae,

234 3391 244 3410 ·
308 3388 382 3486 '565
407 3372 453 3449 Et
473 3373 584 3450 vastos
608 3371 808 3472 elephantas
832 3370 959 3458 habet,
980 3370 1175 3467 saevosques
1197 3365 1319 3442 leones

408 3487 591 3624 Inpoenas
615 3521 764 3596 fecunda
790 3518 864 3592 suas
888 3520 977 3617 parit
1001 3519 1141 3593 horrida
1165 3517 1264 3592 tellus
1276 3548 1290 3611 3

450 3779 492 3843 V·
510 3788 581 3843 662.
601 3780 635 3842 B.
650 3780 758 3863 saeclis
777 3800 828 3859 pro
850 3781 948 3848 bellis.
967 3779 1015 3847 cl.
1038 3778 1099 3845 viro
1117 3794 1233 3841 manum
1254 3771 1319 3833 dare
1344 3792 1404 3834 non

408 3892 561 3979 poffunrur.

301 4085 308 4098 ⁸
448 4012 491 4081 V·
515 4021 571 4090 665
592 4010 720 4075 Bentleio
742 4009 881 4092 displicet.
