3375 5059
425 662 493 750 ηε
606 656 701 729 Lns
735 656 1230 747 Asnnouourouns

330 819 404 919 380
427 828 617 928 Verbaque
637 813 816 931 praecipiet
841 856 970 909 naturae
986 832 1065 935 sege
1084 856 1215 935 negata.

425 976 506 1075 Ipse
532 978 638 1067 deum
664 1005 793 1075 cycnus
818 983 937 1056 condit
954 1006 1153 1078 vocemque
1173 953 1235 1051 sub
1252 975 1336 1063 illo,

425 1127 514 1200 Non
528 1148 620 1231 totus
641 1127 807 1215 volucer,
823 1128 1011 1226 secumque
1025 1121 1261 1202 immurmurat
1283 1127 1387 1198 intuso

420 1268 509 1347 'Nec
536 1295 570 1348 te
592 1268 818 1374 praetereant,
835 1275 961 1350 clausas
980 1278 1040 1373 qui
1063 1274 1213 1361 culmine
1240 1273 1377 1383 summo

352 1478 357 1484 .
425 1419 568 1494 Pascere
590 1447 670 1499 aves
688 1423 833 1500 Venetis
855 1425 1022 1526 gaudent,
1046 1427 1081 1498 ἃ
1102 1420 1246 1497 credere
1268 1396 1419 1517 campo,
1441 1481 1448 1514 Ι.

331 1559 405 1657 385
427 1565 487 1639 Ac
506 1568 607 1641 certis
629 1556 795 1645 revocare
820 1572 934 1663 notis3
953 1563 1137 1669 totamque·
1157 1593 1221 1668 per
1241 1537 1396 1641 urbem

428 1715 500 1807 Qui
522 1715 650 1815 gestant
676 1720 790 1795 caveis
814 1718 974 1802 volucres
993 1719 1038 1792 ad
1057 1696 1144 1819 jusso
1165 1736 1324 1816 paratas,

396 1953 403 1971 ι
430 1863 593 1954 Quorum
619 1865 731 1935 omnis
744 1880 748 1886 '
755 1890 866 1960 parvo
888 1864 1033 1937 consrssit
1057 1862 1191 1960 passere
1209 1833 1348 1936 census.

430 2005 503 2086 Has
523 2006 586 2079 erit
609 2009 644 2079 d<
665 2006 786 2083 srmises
805 2010 956 2090 tribuens
979 2004 1059 2081 olor
1079 2032 1200 2081 aureus
1221 2028 1322 2079 artes.

480 2150 720 2253 Anguitenens
738 2177 864 2253 magno
884 2149 1114 2225 circumdatus
1134 2152 1222 2226 orbe
1240 2147 1427 2245 draconis,

336 2316 409 2391 390
433 2297 526 2371 cum
551 2300 644 2373 venit
665 2302 700 2372 in
725 2302 869 2400 regione
894 2323 984 2387 tuae,
1003 2300 1239 2404 capricorne,⁴
1260 2296 1403 2398 figurae,
1435 2371 1437 2374 .

432 2443 518 2515 Non
541 2446 693 2552 inimica·
707 2446 787 2519 sacit
805 2447 1002 2546 serpentum
1030 2448 1187 2521 membra
1210 2446 1348 2519 creatis.

431 2591 621 2689 'Accipient
642 2593 834 2691 finibusque
859 2594 923 2667 suis
950 2591 1129 2693 pepsoque
1156 2590 1324 2684 fluenti3·

432 2735 631 2838 Osculaque
653 2744 832 2817 horrendis
854 2750 996 2845 jungent
1024 2741 1165 2842 impune
1188 2742 1347 2818 venenis.¹

486 2888 535 2963 At
556 2892 647 2963 cum*
660 2889 697 2965 se
719 2892 830 2990 patrio
853 2893 1027 2990 producet
1045 2890 1090 2964 ab
1111 2914 1254 2989 aequore
1273 2871 1418 2990 piscis,¹

339 3048 411 3132 '395
435 3037 476 3111 In
500 3034 699 3133 coelumque
719 3039 831 3113 serens
853 3036 969 3113 alienis
991 3038 1116 3113 finibus
1142 3038 1232 3122 ibit·,

436 3182 597 3278 Quisquis
614 3187 676 3257 erit
701 3183 760 3258 tali
779 3166 918 3283 cupiens
937 3187 999 3258 sub
1024 3208 1184 3284 tempore
1206 3183 1329 3271 vitam,

436 3318 613 3405 Litoribus
639 3329 788 3427 ripisque
813 3327 893 3403 suos
913 3334 1130 3407 circumferet
1154 3354 1263 3402 annos
1280 3300 1299 3421 ,x

438 3478 652 3554 Pendentem
680 3478 713 3549 ἃ
741 3501 839 3552 caeco
861 3479 1013 3575 captabit
1033 3482 1070 3552 in
1090 3500 1232 3574 aequore
1255 3446 1411 3589 piscem,

440 3628 605 3722 ¹Cumque
627 3623 691 3734 suis¹
710 3623 873 3698 domibus
893 3597 1029 3701 conchis
1054 3624 1216 3722 valloque
1243 3620 1385 3693 latentes

384 4001 395 4011 s
484 3949 525 4040 V.
547 3955 615 4032 385¹·
633 3951 671 4013 Β.
686 3970 817 4016 coramve
836 3971 887 4031 per
908 3951 1017 4012 urbem.
1463 3904 1469 3917 ’

804 4087 828 4142 U
